2250 4050
174 448 229 501 128
474 439 500 498 C
513 439 544 499 U
557 441 583 498 L
596 440 621 499 E
633 439 674 500 X.
873 437 932 503 nil.

171 595 358 674 Castaliaeque
370 592 470 655 sonans
482 595 595 673 liquido
606 596 682 674 pede
693 595 802 655 labitur
812 595 886 653 unda.

212 700 321 771 Quare,
342 698 428 758 Pierii
440 699 533 758 laticis
547 701 644 768 decus,
664 699 716 768 ite,
737 699 840 757 sorores

172 800 292 873 Naides,
313 811 343 859 et
356 785 497 861 oelebrate
507 802 595 860 deum
607 801 766 879 plaudente
777 795 877 860 chorei.

172 905 210 963 Et
223 904 288 974 tibi,
308 903 402 964 sancta
415 904 502 978 Pales,
522 906 558 963 ad
571 923 660 982 quam
672 914 794 963 ventura
805 896 905 962 recurrit

173 1008 327 1084 Agrestum
340 1010 414 1066 bona
427 1027 504 1078 cura,
523 1007 605 1084 sequi
618 1008 653 1065 sit
665 1023 735 1066 cura
748 1005 866 1066 tenentis

172 1110 274 1168 Aerios
288 1126 439 1168 nemorum
451 1110 565 1180 tratlus,
584 1110 724 1186 filvasque
736 1110 866 1169 virentes:

172 1211 217 1269 Te
230 1211 349 1270 cultrice
362 1228 450 1289 vagus
463 1208 547 1271 saltus
560 1212 637 1270 feror
648 1212 735 1283 inter,
756 1223 787 1271 et
798 1221 878 1271 antra.

210 1316 254 1372 Ar
267 1326 309 1386 tu,
330 1316 377 1374 cui
390 1316 498 1374 meritis
511 1315 602 1374 oritur
614 1316 722 1374 fiducia
736 1315 846 1386 chartis,

171 1417 274 1476 Ottavi
287 1419 455 1488 venerande,
475 1418 546 1476 meis
559 1419 692 1477 adlabere
704 1418 815 1495 coeptis,

173 1521 273 1578 Sanbte
282 1540 365 1597 puer:
382 1520 436 1578 tibi
447 1538 572 1597 namque
582 1519 662 1578 canit
672 1540 731 1578 non
739 1518 841 1598 pagina
848 1514 931 1576 bellumr

171 1623 292 1699 Phlegra
306 1623 448 1699 Giganteo
461 1623 552 1699 sparsa
565 1625 605 1680 est
618 1643 677 1699 quo
689 1622 828 1700 sanguine
839 1619 914 1687 telus

171 1727 236 1785 Nec
250 1726 422 1783 Centaureos
436 1725 571 1802 Lapithas
584 1725 723 1801 conpellit
735 1726 766 1782 in
779 1727 846 1784 eolis
851 1750 859 1796 5

171 1829 240 1886 Urit
253 1827 452 1886 Erichthonius
465 1827 568 1886 Oriens
581 1845 640 1885 nou
653 1819 770 1903 ignibus
783 1847 854 1886 arces
857 1850 865 1898 ς

170 1931 240 1989 Non
254 1929 389 2008 perfossus
399 1929 503 1999 Athos,
517 1949 570 1988 nec
583 1948 690 2006 magno
702 1931 817 1990 vincula
829 1931 901 1987 Ponto

172 2034 261 2111 Jaetau
282 2053 347 2091 meo
360 2043 488 2109 quaerent
496 2031 557 2109 jam
571 2033 630 2091 sera
642 2033 792 2091 volumine
803 2034 903 2095 famam

169 2137 239 2195 Non
254 2135 457 2212 Hellespontus
470 2136 589 2213 pedibus
602 2135 731 2212 pulsatus
745 2151 882 2213 equorum,

171 2239 282 2296 Graecia
296 2258 363 2295 eum
376 2237 474 2296 timuit
486 2237 628 2296 venientis
640 2239 772 2314 undique
782 2238 878 2297 Persas:

170 2342 273 2400 Mollia
287 2341 334 2399 sed
347 2340 428 2398 tenui
440 2359 603 2418 percurrere
614 2341 741 2399 carmina
755 2341 843 2410 versu,

170 2445 289 2503 Viribus
302 2453 367 2521 apta
380 2444 446 2512 suis,
460 2444 567 2501 Phoebo
580 2452 610 2499 et
622 2444 696 2501 duee
708 2444 815 2514 ludere,
828 2435 914 2520 gaudet

170 2547 208 2605 Et
222 2558 263 2615 tu,
284 2547 378 2605 sanae
390 2565 469 2624 puer,
483 2545 663 2614 venerabilis,
683 2554 714 2604 et
726 2547 782 2605 tibi
794 2553 874 2605 certet

169 2649 267 2707 Gloria
280 2660 451 2726 perpetuum
463 2649 535 2706 lucis
547 2647 680 2706 mansura
692 2668 745 2725 per
756 2668 857 2719 aevum3

168 2753 207 2811 Et
220 2752 274 2809 tibi
288 2751 352 2809 sede
364 2751 412 2828 pia
424 2761 539 2809 maneat
552 2752 640 2820 loeus,
660 2760 691 2809 et
704 2752 760 2810 tibi
772 2752 858 2829 sospes

169 2855 275 2912 Debita
289 2854 380 2912 felicis
394 2864 569 2912 memoretur
580 2854 639 2912 vita
652 2872 705 2930 per
718 2873 816 2923 annos,

169 2959 257 3015 Grata
270 2958 351 3014 bonis
365 2957 472 3015 lucens.
513 2957 567 3015 Sod
580 2976 631 3014 nos
643 2957 681 3015 ad
693 2968 788 3035 crepta
801 2957 908 3015 sermul-

208 3061 313 3135 Ignens
327 3059 430 3117 Oeteas
439 3058 500 3135 jam
513 3058 552 3116 sol
566 3067 730 3135 penetrarat
742 3060 773 3118 in
786 3058 859 3127 artis,
923 3063 926 3070 ’

168 3162 355 3238 Candidaque
370 3170 469 3219 aurato
481 3150 630 3237 quatiebat
640 3161 752 3221 lumina
765 3180 858 3232 cumr

169 3263 306 3321 Crinibus
319 3274 349 3320 et
362 3262 446 3321 roseis
459 3264 589 3321 tenebras
601 3256 716 3322 Aurom
729 3264 853 3341 fugarat:

168 3365 296 3441 Propulit
309 3376 342 3423 ut
356 3365 470 3425 stabulis
483 3366 519 3425 ad
531 3364 636 3443 pabula
649 3365 716 3426 laeta
729 3365 845 3445 capellan
