2250 4050
170 466 230 528 2⁶⁴
411 448 690 540 munrnos,
863 463 951 524 ωε

176 623 310 682 Insanam
323 631 420 682 vatem
432 624 579 701 adspicies,
599 644 665 701 quae
677 640 750 700 rupe
763 621 817 680 snb
827 620 889 679 ima

173 726 243 784 Fata
257 725 345 796 canit,
366 726 500 802 foliisque
512 737 605 796 notas,
623 725 798 794 etnomina,
818 725 941 781 mandat.

175 829 377 902 Quaecumque
390 827 421 884 in
434 828 511 888 soliis
524 827 671 906 descripfit
683 827 815 886 carmina
828 827 918 903 virgo,

174 928 291 1005 Digerit
300 928 330 986 in
342 947 504 1001 numerum,
515 941 601 1006 atque
612 939 696 989 antro
706 929 814 988 seclusa
825 926 951 1003 relinquit

174 1032 229 1091 lna
242 1040 361 1088 manent
375 1031 484 1090 inmota
497 1032 576 1102 locis,
589 1051 684 1109 neque
696 1033 734 1090 ab
746 1031 947 1090 ordine'cedun

174 1134 287 1191 Verum
299 1134 409 1201 eadem,
424 1134 503 1192 verso
515 1134 609 1192 tenuis
622 1153 715 1210 quum
728 1133 847 1192 cardine
859 1141 951 1193 ventus

175 1233 296 1309 Inpulit,
317 1244 346 1290 et
360 1243 470 1293 teneras
483 1237 610 1294 turbavit
617 1234 707 1312 janua
720 1236 842 1306 frondis,

175 1336 347 1410 Numquam
359 1336 465 1395 deinde
478 1356 548 1396 cavo
560 1338 711 1397 volitantia
730 1339 872 1415 prendere
884 1336 951 1405 saxo,

179 1437 245 1495 Nec
258 1455 388 1496 revocare
401 1438 478 1508 srtus,
498 1448 548 1497 aut
557 1438 679 1516 jungere
692 1439 823 1498 carmina
835 1447 922 1498 curat

177 1537 336 1597 Inconsulti
350 1541 467 1609 abeunt,
487 1541 638 1616 sedemque
650 1542 737 1599 odere
750 1540 879 1618 sibyllae.

177 1642 237 1701 Hic
250 1641 305 1699 tibi
318 1661 354 1699 ne
367 1661 424 1718 qua
437 1661 524 1700 morae
537 1642 646 1701 fuerint
658 1642 808 1720 dispendia
821 1642 904 1712 tanti,

179 1744 320 1811 Quamvis
333 1743 508 1821 increpitent
521 1744 590 1803 socii
602 1755 633 1802 et
644 1744 674 1802 vi
683 1744 783 1803 rursus
795 1745 829 1805 in
841 1746 929 1804 altum

178 1846 252 1903 Vela
266 1855 376 1913 vocent,
395 1846 535 1923 poffisque
548 1847 623 1905 sanun
635 1846 746 1923 inplere
757 1849 908 1917 secundom

180 1948 264 2005 Quin
277 1949 359 2007 adeas
372 1958 476 2017 vatem,
496 1949 684 2025 precibusque
696 1951 811 2009 oracula
825 1950 919 2029 poscae

177 2052 241 2127 Ipsa
254 2062 347 2120 canat,
360 2070 516 2127 vocemque
529 2053 637 2122 volens,
657 2063 744 2129 atque
757 2072 817 2123 ora,
837 2053 951 2112 resolvat.

179 2155 232 2211 Illa
246 2153 301 2211 tibi
314 2154 406 2211 Italiae
418 2154 546 2230 populos,
568 2165 745 2231 venturaque
759 2156 845 2226 bella,

179 2258 227 2328 Et,
247 2276 304 2332 quo
317 2275 460 2332 quemque
478 2257 565 2315 modo
581 2256 734 2334 fugiasque
751 2258 884 2337 serasque
899 2259 951 2317 labr

256 2377 327 2428 rem,

181 2460 336 2535 Expediet3
358 2459 510 2535 cursusque
524 2460 604 2517 dabit
617 2470 751 2519 venerata
765 2459 911 2521 secundos.

180 2561 254 2618 Haec
268 2562 341 2629 sunt,
361 2580 425 2637 quae
438 2562 530 2619 nostri
541 2561 627 2619 liceat
640 2572 669 2620 te
681 2582 750 2621 voce
762 2566 884 2624 moneri.

181 2664 263 2721 Vade
272 2683 334 2740 age,
346 2674 375 2721 et
382 2664 531 2739 ingentem
544 2663 628 2722 factis
637 2664 681 2722 fer
690 2666 726 2723 ad
738 2666 845 2725 aethcra
852 2665 951 2744 Trojan

220 2768 297 2824 Quae
309 2765 458 2843 postquam
470 2774 548 2823 vates
562 2766 600 2823 fic
613 2785 662 2824 ore
674 2766 778 2825 effatus
791 2770 885 2828 amico
899 2770 943 2837 est,

182 2870 266 2927 Dona
279 2868 392 2937 dehinc,
413 2886 482 2925 auro
492 2868 602 2943 gravia,
623 2868 755 2946 sectoque
768 2871 930 2949 elephanto,

181 2971 306 3047 Imperat
319 2971 356 3028 ad
368 2970 450 3027 navis
463 2970 540 3038 ferri,
561 2970 700 3047 stipatque
712 2973 817 3031 carinis

179 3072 194 3129 1
198 3091 287 3148 ngenn¹
300 3082 461 3148 argentum,
480 3073 698 3149 Dodonaeocqne
712 3074 829 3147 lebetas,

181 3175 321 3243 Loricam,
341 3173 499 3231 consertam
511 3173 604 3232 hamis
616 3194 742 3251 auroque
756 3179 900 3252 trilicem.

181 3274 219 3330 Et
232 3293 338 3349 conum
350 3274 468 3351 infignis
481 3275 578 3351 galeae‚
598 3276 753 3355 cristasque
766 3284 915 3351 comantis,

175 3379 270 3441 Arma
284 3377 493 3460 Neoptcicmi:
513 3376 585 3434 tunt
594 3387 627 3435 ct
635 3376 689 3433 tna
698 3381 907 3455 inmerentia
