2250 4050
161 451 265 503 esaon
402 481 406 492 .
470 404 571 531 nnn.
610 441 667 502 111.
708 470 728 495 n
825 474 827 478 -
909 455 965 515 103

165 597 291 658 llumiua
294 624 304 671 3
327 617 382 657 nec
394 597 508 658 somnos
520 599 667 677 abrumpit
679 600 746 660 cura
760 600 895 664 salubres.

196 704 343 781 Tempore
355 721 416 761 non
429 702 486 761 alio
498 703 601 762 dicunt
613 703 780 781 regionibus
792 705 851 764 illis

174 803 302 865 Ouaelitas
315 807 352 864 ad
365 806 443 864 sacra
457 808 542 865 boves
555 805 688 884 Junouis,
707 815 737 865 et
749 808 808 866 uris

175 907 310 986 Inparibus
324 910 425 968 dubios
437 908 495 967 alta
509 910 545 967 ad
559 908 676 980 donaria
688 928 795 968 currus.

204 1013 276 1089 Ergo
288 1031 365 1090 aegre
378 1011 472 1070 rastris
486 1019 591 1070 terram
603 1012 758 1083 rimantur,
774 1021 803 1072 et
815 1013 883 1091 ipfis

179 1111 316 1192 Unguibus
329 1115 480 1174 infodiunt
488 1112 600 1192 fruges,
612 1114 776 1192 montisqffi
787 1136 841 1194 per
853 1119 926 1176 altos
952 1160 954 1164 ·

171 1215 306 1287 ¹Contenti
318 1218 430 1277 cervice
445 1216 562 1285 trahunt
575 1217 722 1275 stridentia
734 1219 865 1295 plaustra.
906 1288 914 1301 .
949 1268 952 1275 .

181 1317 235 1376 Non
245 1322 328 1399 lupus
340 1321 458 1380 infidias
470 1320 602 1397 explorat
615 1319 702 1390 ovilia
715 1321 834 1391 circum,

182 1418 232 1480 Nee
242 1425 375 1503 gregibus
388 1424 544 1490 noeturnus
554 1423 736 1495 obambulat,
758 1424 849 1484 acrior
861 1426 948 1485 illum
1038 1489 1041 1496 ,

184 1523 242 1585 Cura
253 1530 364 1588 domata
387 1526 484 1592 timidi
498 1527 600 1598 damae,
621 1526 756 1603 cervique
769 1527 898 1606 fugaces,
942 1583 946 1590 .

185 1623 252 1689 Nunc
263 1633 395 1709 interque
408 1650 492 1690 canes
506 1638 536 1687 et
546 1629 656 1687 circum
669 1629 743 1686 tedia
755 1641 906 1707 vagantur.

186 1727 235 1801 Jann
244 1737 326 1795 maris
338 1734 460 1793 inmenn
473 1732 594 1812 prolem,
614 1742 644 1790 et
660 1751 750 1809 genus
763 1752 849 1791 omne
861 1743 965 1794 natan·

246 1849 314 1911 tum,

189 1931 263 1999 Litore
274 1943 303 2000 in
317 1952 457 2011 extremo,
477 1960 530 1999 ceu
544 1939 683 2017 naufraga
696 1958 822 2016 corpora,
841 1939 946 2000 finitus

189 2034 288 2104 Proluit:
308 2046 433 2105 insolitae
445 2045 567 2122 fugiunt
579 2043 611 2101 iu
624 2042 746 2102 flumina
759 2044 868 2120 phocae.

189 2136 269 2207 Interit
279 2161 316 2222 et,
335 2150 429 2208 curvis
442 2148 544 2205 frustra
557 2146 672 2204 defensa
685 2146 812 2215 latebris,

189 2238 280 2322 Vipera,
299 2263 333 2333 et·
342 2250 466 2311 adtoniti
480 2250 606 2327 squamis
619 2249 792 2307 adstantibus
805 2249 901 2328 hydri.

188 2340 239 2420 lplls
248 2355 284 2413 est
295 2359 344 2432 aeJr
356 2355 456 2414 avibus
469 2373 527 2411 non
540 2372 650 2429 aequus3
670 2361 700 2409 et
713 2352 771 2410 illae

189 2443 325 2535 Pracipites
338 2458 397 2517 alta
410 2458 501 2517 vitam
514 2456 567 2514 snb
579 2458 657 2514 nube
670 2455 849 2530 relinquunt.
864 2491 867 2498 -

189 2544 299 2620 Praeterea
308 2561 371 2639 jam
385 2580 437 2619 nec
452 2559 558 2619 mutari
571 2548 676 2636 pabula
691 2558 787 2628 refert,

189 2648 354 2742 Quantaque
367 2673 472 2722 nocent
484 2671 572 2721 artes:
595 2662 698 2720 cellere
711 2662 849 2738 magistri,

187 2750 330 2843 Phillyrides
344 2767 454 2827 Chiron
467 2764 739 2843 Amythaoniusque
752 2766 928 2841 Melampus.

186 2856 259 2941 lavit,
277 2883 316 2945 et,
337 2874 369 2931 in
381 2873 475 2930 lucem
489 2870 597 2947 Stygiis
610 2868 707 2927 emilia
721 2868 857 2936 tenebris,

184 2959 270 3033 Pallida
280 2975 438 3053 Tilipbone
452 2974 573 3031 Morbos
586 2972 648 3047 agit
661 2982 738 3042 ante,
753 2973 943 3048 Metumque3

184 3062 256 3149 IIlque
267 3079 327 3138 dies
340 3077 460 3136 avidum
473 3075 590 3153 surgens
602 3085 690 3152 caput
703 3074 790 3132 altius
802 3072 896 3133 effert.

182 3166 263 3240 Balatu
275 3200 422 3259 pecorum,
443 3189 473 3237 et
486 3178 592 3237 crebris
605 3177 774 3255 mugitibus,
796 3197 895 3235 amnes

181 3275 342 3365 Arentesque
355 3284 458 3342 sonant
470 3282 550 3361 ripae,
571 3282 715 3356 collesque
730 3280 834 3357 supini.

180 3376 284 3467 Jamque
294 3387 465 3449 catervatim
475 3388 524 3445 dat
535 3386 667 3463 stragem,
676 3395 762 3461 atque
772 3396 892 3463 aggerat
902 3386 969 3465 ipfis
