2250 4050
97 412 205 516 maon
367 448 376 471 ”
412 458 511 519 mn.
550 458 607 518 n1.
841 455 896 514 ποι

95 612 166 670 Fare
182 631 237 689 age
258 600 397 689 (narnque
413 634 531 675 omnem
543 615 666 697 cursum⁸
675 612 751 671 mihi
768 613 899 691 prospera

135 762 138 771 .
172 713 252 772 dixit

96 816 220 892 Religio,
241 817 380 876 etcunffi
391 818 540 877 suaserunt
551 818 672 876 numine
684 818 745 877 divi

95 918 211 977 Italiam
224 929 332 996 petere,
352 930 382 978 et
395 930 483 979 terras
496 930 607 979 tentare
620 921 755 1007 repostae:

95 1021 159 1079 Sola
172 1040 293 1101 novum,
313 1021 449 1099 dioiuque
462 1023 554 1092 nefas,
574 1024 701 1099 Harpyia
715 1021 833 1081 Celaeno

94 1123 263 1200 Prodigium
276 1124 364 1194 canit,
383 1135 413 1183 et
426 1125 510 1184 tristis
523 1126 676 1183 denuntiat
687 1125 753 1193 iras,

94 1225 315 1302 obscenamque
327 1226 448 1301 samem)
463 1246 528 1303 quae
540 1227 633 1304 prima
646 1227 771 1304 pericula
785 1225 860 1298 vit03

94 1328 213 1386 Quidve
226 1327 346 1405 sequens
359 1339 452 1388 tantos
467 1330 568 1406 poffim
581 1330 713 1407 superare
726 1311 853 1388 labores?

129 1427 191 1490 Hic
204 1433 344 1502 Helenus,
363 1434 440 1492 caefis
457 1433 583 1511 primum
596 1435 632 1492 de
645 1452 725 1491 more
733 1431 874 1508 juvencis,

93 1536 198 1594 Exorat
211 1554 312 1612 paoem
324 1536 431 1606 divom,
451 1537 597 1611 vittasque
608 1534 724 1594 resolvit
797 1584 802 1591 .

94 1636 198 1696 Sacrati
211 1637 322 1713 capitio,
343 1656 447 1714 meque
459 1639 496 1696 ad
509 1648 557 1696 tua
572 1638 684 1708 limina,
705 1637 821 1708 Phoebe,

95 1741 154 1817 Ipse
166 1759 267 1809 manu,
286 1740 379 1798 multo
392 1739 557 1818 suspensum
570 1741 699 1811 numine,
717 1740 800 1799 ducit
805 1765 815 1812 ς

95 1845 191 1920 Atque
203 1843 267 1900 haec
280 1841 384 1903 deinde
398 1842 477 1901 canit
488 1842 590 1901 divino
602 1862 639 1900 ex
651 1862 700 1901 ore
712 1842 854 1901 saoerdos:

127 1946 209 2004 Nate
221 1945 284 2014 dei,
304 1963 372 2002 nam
385 1954 415 2003 te
427 1943 582 2023 majoribus
594 1945 636 2004 ire
648 1965 699 2021 per
710 1946 804 2004 altum

95 2047 236 2132 Auspiciis
248 2048 395 2106 manifetn
409 2049 492 2106 fides:
514 2049 552 2107 fic
565 2049 624 2106 fata
637 2050 725 2106 deum
738 2067 790 2106 rex

97 2150 225 2220 Sortitur,
244 2150 390 2225 volvitque
403 2150 480 2208 vices
485 2175 494 2221 3
515 2151 539 2209 is
553 2152 675 2208 vertitur
685 2155 772 2209 ordo=

96 2252 183 2311 Pauca
196 2252 251 2310 tibi
264 2271 281 2309 e
293 2253 400 2322 multis,
422 2271 479 2328 quo
492 2254 583 2310 tutior
595 2252 704 2330 hospita
718 2253 816 2311 lustrei

96 2353 231 2431 AEquora,
251 2363 281 2412 et
292 2353 422 2412 Ausonio
434 2354 515 2430 poffis
527 2355 672 2412 confidere
684 2366 778 2431 portu,

97 2455 251 2534 Expediam
263 2456 360 2527 dium
382 2456 533 2533 prohibent
547 2475 616 2513 nam
628 2466 720 2515 oetera
732 2459 826 2516 Parcae

97 2557 175 2628 Scire,
196 2559 343 2617 Helenum
356 2558 467 2634 farique
480 2568 558 2616 vetat
570 2558 702 2616 Saturnia
711 2560 800 2637 Juno.

127 2661 282 2738 Principio,
302 2661 426 2731 Italiam,
453 2679 540 2737 quam
560 2669 593 2719 tu
608 2659 670 2736 jam
689 2680 749 2719 rere
769 2662 886 2740 propin·

206 2782 303 2840 quarn,

93 2862 274 2941 Vicinosque,
294 2864 404 2941 ignare,
424 2883 504 2939 paras
517 2864 651 2922 invadere
664 2876 771 2941 portus,

91 2967 188 3047 longa
201 2967 301 3045 procui
314 2966 408 3043 longis
421 2967 467 3024 via
480 2966 583 3024 dividit
595 2966 672 3025 invia
686 2967 776 3025 terris.

89 3072 166 3132 Anto
179 3080 210 3130 et
222 3070 370 3128 Trinacrii
383 3069 532 3127 lentandus
546 3071 682 3146 remuslin
695 3071 786 3139 undi,

89 3170 122 3236 Et
134 3174 203 3234 salis
216 3171 339 3230 Ausonii
350 3156 527 3229 lustrandum
540 3172 659 3229 navibus
670 3191 775 3247 aequor,

89 3274 258 3351 infernique
268 3274 357 3346 lacus,
377 3274 525 3348 AEaeaeque
537 3272 630 3331 insula
643 3273 746 3343 Circae,

89 3384 189 3442 Quam
202 3378 266 3437 tutt
274 3378 360 3456 poffis
373 3377 474 3435 urbem
486 3394 649 3456 conponere
659 3376 750 3437 tent.
775 3429 779 3434 .
