2250 4050
161 419 185 488 'n
193 437 244 504 97.
462 432 561 495 ΗΒ.
600 432 655 494 111.
920 436 967 504 07·

167 585 288 665 Frigidus
300 588 336 648 in
348 590 493 651 Venerem
505 592 610 663 senior,
630 591 788 667 frustraque
799 589 928 648 laborem

172 686 308 766 Ingratum
316 693 407 751 trahit
411 718 420 766 3
433 703 472 763 et,
480 693 501 752 fi
509 695 625 771 quando
632 696 669 753 ad
674 692 775 771 proelia
782 701 901 750 ventum
909 691 959 762 est,

175 788 208 848 Ut
216 797 363 868 quondam
374 795 408 853 in
420 796 529 873 stipulis
546 815 669 873 magnus
681 797 741 854 fine
752 793 861 853 viribus
872 793 960 870 ignis,

179 890 300 955 luentium
308 897 396 956 furit.
429 901 507 976 Ergo
519 899 631 958 animos
643 917 794 973 aevumque
806 896 921 955 notabis

181 994 316 1076 Principum
339 1001 410 1059 hinc
423 1001 493 1061 alias
505 1002 584 1072 artis,
596 1002 763 1079 prolemque
776 1009 939 1077 parentum,

184 1096 275 1176 ltquis
286 1102 394 1180 cuique
406 1104 487 1162 dolor
499 1104 585 1173 vieto,
604 1123 669 1181 quae
681 1103 772 1180 gloria
785 1103 899 1179 palmre.

183 1198 266 1261 Nonne
277 1204 367 1274 vides,
381 1225 472 1282 quum
484 1207 626 1284 praecipiti
637 1206 793 1265 certamine
805 1224 940 1284 campum

178 1301 346 1383 ,Conripueru
366 1320 511 1385 ruuntque
523 1308 605 1367 effusi
618 1327 730 1367 carcere
743 1328 840 1366 currus
844 1334 853 1380 5

184 1403 263 1467 Quum
271 1411 334 1488 spes
343 1410 463 1469 adreotae
468 1402 619 1490 juvenum,
627 1411 856 1487 exsultantiaque
864 1410 959 1470 haurit

183 1506 255 1570 Corda
265 1532 355 1590 pavor
365 1514 495 1590 pulsans?
516 1514 561 1572 illi
571 1514 677 1573 instant
689 1516 804 1572 verbere
816 1523 901 1585 torto,

183 1607 209 1668 u
216 1615 294 1691 proni
305 1616 378 1673 dant
390 1616 464 1674 lora:
485 1617 564 1675 volat
575 1617 606 1674 vi
619 1617 744 1675 fervidus
757 1615 831 1675 axis:

183 1712 283 1794 Jamque
294 1718 431 1788 humiles,
447 1717 567 1795 jamque
578 1717 648 1778 elati
661 1718 782 1777 sublime
797 1719 929 1776 videntur

183 1817 239 1878 Atra
251 1841 302 1899 per
314 1841 440 1880 vacuum
453 1821 531 1892 ferri,
545 1831 632 1898 atque
645 1823 795 1898 adsurgere
805 1821 837 1878 iu
850 1839 952 1880 auras...

182 1916 229 1980 Nec
240 1943 329 1994 mora,
350 1943 404 1982 uec
417 1925 530 2000 requies
533 1949 542 1996 ς
565 1934 595 1982 at
607 1925 695 1981 fulvae
708 1925 823 1981 nimbus
836 1942 929 1981 areuae

182 2018 298 2099 Tollitur3
321 2027 493 2086 humescunt
512 2027 619 2105 spumis
635 2027 763 2104 flatuque
777 2028 958 2103 sequentum:

182 2120 271 2187 Tantus
283 2148 366 2188 amor
378 2130 507 2199 landum,
526 2140 614 2187 tantae
625 2130 666 2187 est
678 2130 794 2188 vietoriu
807 2132 899 2188 curael

208 2231 314 2291 Primus
326 2232 530 2290 Erichthonius
543 2252 641 2291 currus
653 2243 684 2290 et
696 2243 818 2309 quatuor
830 2232 913 2291 ausus

181 2327 288 2410 Jungere
300 2354 399 2411 equos,
419 2334 590 2411 rapidusque
601 2335 670 2393 rotis
682 2334 805 2392 infitiere
817 2334 917 2393 vietor.

181 2426 252 2495 Frena
265 2436 444 2495 Pelethronii
458 2436 590 2514 Lapithae
603 2456 744 2514 gyrosque
757 2438 859 2494 dedere

181 2528 280 2613 inpositi
293 2539 387 2610 dorso,
407 2549 493 2615 atque
506 2539 634 2615 equitem
647 2531 769 2597 docuere
781 2538 833 2599 sub
846 2540 931 2599 armis

180 2632 302 2702 Insultare
315 2642 385 2711 solo,
404 2652 435 2699 et
447 2642 554 2719 gressus
571 2642 728 2719 glomerare
741 2641 883 2719 superbos,

179 2737 277 2821 AEquus
290 2754 415 2821 uterque
428 2745 522 2816 labor;
538 2764 619 2821 aeque
628 2744 822 2823 juvenemque
835 2746 962 2822 magistri

178 2837 336 2923 Exquirunt,
348 2847 534 2923 calidumque
547 2846 662 2917 animis,
674 2857 704 2905 et
715 2848 842 2905 curfibus
853 2867 946 2906 acrem
952 2872 960 2918 ς

179 2942 307 3010 Quamvis
320 2949 394 3027 saepe
407 2949 478 3026 fugi
489 2949 583 3008 versos
596 2950 647 3007 ille
658 2950 751 3027 egerit
763 2950 859 3018 hostis,

178 3043 205 3106 Et
214 3054 337 3129 patriam
351 3052 471 3128 Epirum
484 3052 598 3121 referat,
618 3051 757 3128 fortisque
770 3053 918 3129 Mycenas,

176 3145 353 3231 Neptunique
365 3153 426 3231 ipsi
439 3154 562 3212 deducat
574 3153 687 3230 origine
699 3164 826 3231 gentem.

204 3257 256 3316 His
275 3256 487 3325 animadversis,
506 3256 613 3314 instant
626 3256 678 3314 sub
691 3266 814 3335 tempus,
827 3266 858 3315 et
869 3257 963 3322 omnis

177 3351 330 3437 Inpendunt
343 3377 425 3418 curas
437 3358 525 3418 denso
537 3358 698 3446 distendere
710 3358 829 3443 pingui,
