2250 4050
295 454 518 523 ECLOGA
549 461 603 522 lv.
800 465 837 520 tt

145 643 153 693 ;
175 639 229 678 uec
240 638 360 698 magnos
372 628 502 679 metuent
513 624 642 677 armenta
653 617 758 674 leones.

145 722 169 781 ui
181 723 300 782 blandos
312 723 435 781 fundem
447 721 590 781 cunabula
602 721 695 778 floren.

145 834 161 882 :t
171 834 202 883 et
213 825 335 901 serpens,
354 834 385 883 et
397 825 486 884 fallax
498 825 587 882 herba
597 821 700 882 veneni

145 936 176 998 t;
198 925 345 1003 Assyrium
356 928 442 1004 vulgo
452 926 584 985 uasoetur
594 942 752 984 amomum.

145 1028 194 1086 uul
206 1029 328 1086 heroum
340 1029 437 1087 laudes
449 1039 480 1088 et
493 1029 570 1087 saeta
582 1026 708 1104 parentis

148 1149 224 1208 gere,
243 1140 274 1189 et
285 1151 351 1208 quae
364 1132 399 1189 fit
409 1131 517 1209 poteris
528 1128 698 1208 cognoscere
710 1128 817 1200 virtum

145 1233 289 1310 pauxllatim
302 1233 433 1292 flavescet
444 1252 561 1311 campus
572 1231 663 1302 aristi,

146 1353 219 1411 ¹sque
231 1337 336 1392 rubens
348 1336 486 1411 pendebit
498 1335 625 1393 sentibus
637 1353 709 1406 uva3

146 1457 170 1494 ae
181 1454 301 1513 quercus
312 1437 455 1496 sudabimt
465 1435 575 1495 roscida
586 1437 682 1496 mella.

146 1549 242 1598 tamen
255 1539 391 1598 suberunt
401 1540 500 1617 pasce
511 1540 629 1617 vestigia
638 1538 757 1608 biudis,
828 1578 830 1583 -

145 1651 241 1700 entare
251 1642 371 1700 ‘lbetim
381 1643 498 1714 ratibus,
515 1663 582 1719 quae
594 1643 710 1719 eingete
720 1640 809 1699 muris

146 1764 166 1813 ι,
186 1763 251 1819 quoe
259 1743 379 1821 jubeant
391 1746 523 1804 tellurem
534 1745 676 1804 infindere
688 1743 782 1802 sulcis.

146 1845 194 1904 uit
206 1857 269 1904 tum
280 1847 400 1924 Tiphys,
416 1849 547 1906 etaltera
560 1867 625 1924 quae
639 1847 725 1907 vehat
739 1847 819 1922 Aige
834 1884 836 1889 -

146 1968 177 2006 os
190 1948 303 2021 heroas3
321 1958 409 2008 erunt
419 1949 509 2008 etiam
518 1951 606 2008 altera
618 1950 708 2022 beilu5

154 2052 261 2111 itmum
271 2054 306 2111 ad
314 2052 430 2129 Trojam
436 2071 557 2129 maguus
565 2053 694 2111 mittetur
700 2052 841 2113 Achilles»

152 2155 204 2213 ubi
211 2154 272 2231 jam
284 2156 394 2213 firmata
406 2155 500 2214 virum
512 2163 540 2213 te
552 2154 653 2212 fecerit
662 2165 738 2223 aetas,

149 2257 250 2334 etipse
263 2258 335 2315 mari
349 2257 444 2316 vetior
450 2282 459 2329 3
481 2276 534 2314 nec
547 2256 661 2315 nautica
673 2257 758 2333 pinus

146 2359 175 2417 »it
186 2378 307 2417 merces:
329 2359 422 2416 omnis
434 2359 507 2416 seret
519 2358 616 2417 omnia
629 2359 723 2416 tellus.

146 2462 226 2519 istros
239 2461 363 2537 patietur
372 2461 485 2530 humus,
505 2480 568 2519 non
580 2459 664 2518 vinea
674 2460 796 2533 falcem3

146 2584 185 2622 :us
198 2583 311 2640 quoque
320 2562 382 2641 jam
394 2564 481 2622 tauris
489 2562 560 2641 juga
574 2562 663 2621 solvet
675 2572 783 2623 arator:

146 2667 215 2724 arios
228 2667 316 2723 discet
328 2666 444 2724 mentiri
455 2666 521 2723 lana
530 2666 655 2737 colores3

146 2770 170 2825 ed
183 2768 214 2825 in
227 2767 313 2844 pratis
324 2768 394 2825 aries
402 2766 464 2844 jam
476 2768 560 2825 suave
572 2768 686 2826 rubenti

147 2890 172 2939 e,
188 2868 249 2946 jam
258 2889 357 2927 croceo
370 2871 495 2928 mutabit
506 2870 610 2928 vellem
622 2871 700 2942 lut03

147 2994 152 3027 ι
165 2971 214 3030 sui
227 2972 334 3049 sandyx
344 2972 482 3049 pascentis
495 2972 594 3030 vestiet
604 2992 701 3049 agnos.

147 3074 233 3145 saucia,
252 3074 308 3132 suis
320 3075 463 3142 dixerunt,
482 3074 596 3144 currite,
615 3074 683 3133 fufis

146 3178 208 3236 rdes
219 3177 310 3234 stabili
322 3178 448 3235 satorum
459 3176 580 3235 numine
591 3178 694 3234 Parcae.
719 3247 723 3253 ²

147 3280 249 3354 ‚medere
259 3298 410 3356 omagnos,
420 3279 510 3337 aderit
518 3277 580 3357 jam
586 3289 707 3357 tempus,
713 3278 844 3351 honoret,

147 3384 217 3444 eum
226 3382 345 3452 suboles,
364 3400 503 3458 magnum
515 3382 594 3460 Jovis
605 3382 826 3442 inemmentumt
