2250 4050
149 441 211 495 ea
349 454 370 461 ··
391 436 490 495 ern.
529 435 584 495 Ν.
832 440 903 515 „22⁵

146 590 223 667 urgite
234 604 329 667 quum
341 591 438 651 medio
449 600 569 670 portans
581 587 722 669 OEagriur
734 589 851 648 Hebrur

146 692 246 764 elueret,
266 691 431 771 Eurydicen
443 714 501 753 vox
513 694 584 772 ipsa,
603 702 633 752 et
645 692 752 770 frigida
762 691 870 769 lingue,

146 792 300 855 iniseram
314 796 493 874 Eurydicen!
516 796 614 855 animi
625 794 757 872 fugiente
768 796 901 867 vocabat,

146 897 264 973 urydicen
278 908 342 957 toto
356 899 519 958 referebant
531 898 653 957 flumine
665 897 743 975 ripae.

154 996 215 1058 Haec
227 1003 346 1059 Proreus
353 1025 361 1072 3
376 1009 406 1058 et
418 1001 448 1059 se
456 1000 536 1079 jactu
547 1000 629 1059 dedit
642 1019 738 1076 aequor
751 999 782 1058 in
795 999 900 1058 altum:

146 1100 230 1179 iiiique
236 1103 328 1172 dedit,
337 1102 517 1180 spumantem
525 1105 634 1161 undam
644 1102 806 1160 subverticc
814 1102 902 1162 torfit.

146 1208 160 1257 ,t
169 1221 218 1263 non
231 1206 362 1284 Cyrene:
384 1222 509 1283 namque
521 1207 598 1264 ultro
613 1206 709 1264 adfata
723 1205 887 1264 timentemr

157 1303 230 1379 Nate,
249 1309 321 1366 licet
335 1308 419 1366 tristis
433 1308 530 1367 animo
543 1309 685 1384 deponere
697 1326 787 1365 eruas.

146 1403 182 1466 [ec
189 1411 279 1469 omnis
288 1411 382 1468 morbi
389 1411 495 1482 caussa,
504 1408 574 1469 hinc
580 1410 741 1469 miserabile
746 1409 778 1468 N
777 1409 902 1486 ymphae,

146 1506 186 1569 um
196 1512 299 1589 quibus
311 1513 362 1571 illa
375 1513 476 1572 choree
488 1513 560 1573 lucis
573 1513 701 1590 agitabat
712 1512 744 1570 in
757 1512 832 1583 altis,

146 1608 236 1673 'nium
249 1614 353 1673 misere
366 1615 479 1692 apibus:
503 1625 536 1673 tu
547 1634 666 1674 munera
679 1616 799 1693 supplex

146 1707 207 1772 *ende
219 1727 318 1793 petens
337 1737 446 1794 pacem,
466 1727 496 1775 et
509 1718 607 1777 faciles
618 1736 753 1776 venerare
765 1718 902 1794 Napaeae3

146 1807 241 1894 iamque
254 1820 367 1877 dabunt
378 1820 493 1878 veniam
503 1819 587 1890 votis,
600 1820 713 1896 iraeque
724 1819 883 1878 remittent.

146 1916 178 1984 td,
194 1923 294 1979 modus
307 1921 405 1980 orandi
419 1922 470 1998 qui
483 1922 526 1991 fit,
546 1921 626 1999 prius
638 1921 738 1980 ordine
751 1921 855 1981 dicam.

146 2011 242 2082 intuor
253 2023 377 2083 eximios
388 2024 531 2102 prestanti
544 2043 660 2102 corpore
675 2033 779 2095 tauros,

146 2115 178 2180 iui
188 2127 238 2185 tibi
251 2146 330 2185 nunc
342 2126 441 2185 viridis
454 2127 607 2205 depascunt
620 2128 731 2187 summu
745 2127 853 2206 Lycei,

146 2218 221 2304 elige,
241 2239 272 2288 et
285 2229 393 2287 intacta
406 2230 532 2289 totidem.
537 2231 651 2289 cervice
659 2231 805 2309 juvencas.

146 2319 243 2389 intuor
255 2332 301 2389 his
314 2351 375 2390 aras
388 2332 445 2389 alta
458 2334 495 2390 ad
508 2332 624 2391 delubra
638 2335 756 2392 dearum

146 2425 265 2508 institue,
285 2446 316 2494 et
328 2435 439 2494 sacrum
447 2435 558 2513 jugulis
572 2437 692 2495 demitte
704 2456 852 2510 cruorem,

146 2528 292 2614 'orporaque
304 2538 363 2615 ipsa
377 2540 465 2595 boum
478 2538 611 2596 frondoso
624 2540 718 2598 desere
731 2539 807 2600 luco.

146 2631 186 2705 '0st,
201 2641 250 2699 ubi
263 2659 340 2697 nona
353 2639 417 2696 suos
430 2642 542 2698 Aurora
555 2641 707 2699 ostenderit
720 2652 807 2711 ortus,

146 2736 229 2801 nfenas
242 2742 364 2820 Orphei,
385 2742 501 2801 Lethaea
513 2763 661 2821 papavera,
680 2745 791 2817 mittes,

146 2832 253 2904 'lenem
266 2843 429 2922 Eurydicen
442 2845 533 2903 vituli
545 2849 716 2905 venerabere
728 2848 807 2916 ceta,

146 2932 162 2993 ii
171 2944 273 3023 nigram
286 2946 424 3005 mafiabis
435 2966 527 3015 ovem,
547 2947 703 3025 lucumque
715 2950 827 3007 revises.

162 3040 236 3106 Hand
249 3067 345 3118 moro,
367 3048 505 3105 continno
518 3050 617 3107 matris
631 3059 772 3127 praecepta
785 3051 902 3112 saceffit:

146 3135 171 3199 id
180 3148 289 3209 delubra
301 3150 396 3221 venit,
416 3149 582 3209 monstratas
594 3151 701 3211 excitat
713 3172 787 3226 aram

146 3235 246 3311 illatum
257 3252 379 3311 eximios
391 3252 534 3328 praestanti
546 3272 663 3329 corpore
677 3263 770 3313 tauros

146 3337 211 3424 Jurit,
223 3366 250 3413 et
263 3354 370 3413 intacid
384 3353 504 3412 totidem
516 3356 626 3415 cervice
634 3354 778 3433 juvencas.
