2250 4050
135 483 208 533 rso.
363 474 594 538 ECLOGA
632 477 702 538 Vn.
887 489 925 554 27

135 650 244 708 emper,
265 640 294 689 et
308 632 424 690 aufidus
435 634 525 710 postes
537 635 661 713 fuligine
674 634 760 712 nigri.

135 735 177 792 lic
192 744 308 793 tantum
320 737 419 794 Boreae
430 755 561 796 curamus
575 738 692 814 frigora,
703 745 844 814 quantum

135 845 181 896 tut
194 856 349 896 numerum
362 839 455 915 lupus,
474 851 524 897 sut
536 840 674 898 torrentia
686 840 807 899 flumina
818 841 902 918 ripas.

424 978 428 984 -
448 961 610 1001 cousnors.
689 984 691 988 .

135 1055 203 1103 tant
215 1054 245 1102 et
253 1042 389 1122 juniperi,
410 1054 440 1102 et
452 1045 589 1104 castaneae
601 1045 718 1104 hirsutae
722 1071 732 1117 3

135 1158 213 1206 trata
222 1147 321 1225 jacent
333 1148 433 1225 paffim
446 1150 495 1206 sus
509 1150 622 1224 quique
635 1149 687 1207 sub
698 1152 795 1209 arbore
807 1171 891 1228 poma
898 1178 907 1225 3

135 1253 229 1311 )mnia
243 1253 440 1311 nuncrident:
462 1262 501 1323 at,
521 1253 543 1310 fi
555 1254 695 1312 formosus
704 1255 806 1314 Alexis

135 1357 274 1415 dontibus
287 1357 333 1415 his
345 1358 437 1426 abeat,
456 1357 552 1416 videas
566 1367 597 1414 et
608 1357 729 1422 flumina
743 1358 824 1417 ficos.

448 1479 591 1519 rurusrs.

136 1570 194 1622 iret
207 1581 291 1639 ager3
311 1562 384 1621 vitio
397 1562 521 1620 moriens
533 1562 594 1621 sstit
606 1564 678 1622 adris
689 1563 793 1636 herba-3
911 1563 914 1568 ’

136 1667 210 1725 tiber
221 1666 387 1743 pampineas
399 1665 504 1723 invidit
517 1666 638 1725 collibus
650 1670 780 1725 umbras:

136 1769 262 1847 'hyllidis
276 1771 400 1827 adventu
412 1768 512 1826 nostrae
526 1788 627 1828 nemus
639 1788 725 1827 omne
736 1769 851 1840 virebit,
918 1748 922 1756 ¹

139 1873 256 1951 uppiter
268 1881 298 1929 et
310 1872 377 1930 laeto
388 1872 543 1930 descendet
554 1872 695 1950 plurimus
707 1873 805 1931 imbri.

450 1985 609 2035 cosrnou.

159 2080 286 2157 Populus
298 2079 410 2137 Alcidse
423 2079 585 2155 gratiffima,
606 2079 672 2137 vitis
686 2080 800 2151 Iaccho,

136 2183 265 2243 ‘'ormosae
278 2192 387 2259 myrtus
401 2182 517 2249 Veneri,
537 2181 587 2240 sua
599 2183 695 2240 laurea
709 2183 829 2255 Phoebo;

136 2286 231 2365 'hyllis
244 2294 321 2343 amat
330 2284 459 2344 comtos:
481 2285 544 2342 illas
557 2286 628 2342 dum
641 2284 749 2361 Phyllis
761 2287 882 2355 amabit,

136 2393 188 2450 dec
197 2398 309 2466 myrtus
321 2387 418 2448 vincet
428 2388 548 2457 corulos,
561 2406 616 2445 nec
628 2387 724 2445 laurea
734 2388 843 2455 Phoebi.

454 2508 595 2549 rurssrs.

136 2596 262 2655 ’raxinus
273 2595 304 2652 in
318 2592 393 2652 srlvis
405 2592 603 2671 pulcherrima,
623 2592 709 2669 pinus
720 2592 752 2649 in
765 2593 863 2663 hortis,

136 2700 247 2778 'opulus
259 2698 291 2755 in
303 2697 408 2767 fluviis
428 2696 506 2753 abies
519 2696 550 2753 in
564 2696 709 2753 montibus
722 2696 801 2755 altis:

136 2809 234 2886 taepius
247 2815 278 2863 at
290 2805 311 2862 fi
324 2822 380 2871 me,
401 2802 510 2878 Lycida
523 2800 655 2869 formose,
674 2800 785 2872 revisas,

137 2912 263 2973 fraxinus
276 2909 308 2967 in
320 2906 394 2966 srlvis
407 2906 491 2963 cedat
503 2904 568 2976 tibi,
581 2903 665 2981 pinus
677 2904 708 2960 in
721 2903 819 2961 hortis.

431 3026 610 3066 usrrsoeus.
791 2998 796 3005 ’

137 3124 196 3181 iaec
204 3115 335 3185 memini,
343 3122 373 3171 et
380 3112 489 3171 victum
501 3110 602 3168 frustra
609 3111 783 3168 contendere
788 3110 924 3188 Thyrfin.

137 3227 169 3283 ix
182 3222 234 3282 illo
247 3218 391 3296 Corydon,
410 3213 546 3291 Corydon
558 3214 600 3271 est
612 3222 739 3290 tempore
752 3213 843 3274 nobis.
