2250 4050
212 483 232 534 2
404 475 753 565 *Bucomcm
871 485 1009 537 vaa.l2.

213 631 312 705 Usque
325 629 395 686 adeo
409 633 537 689 turbatur
550 633 638 708 agris:
661 632 714 690 en!
730 631 789 708 ipse
802 630 922 706 capellas

216 733 349 791 Protenus
363 752 438 809 aeger
451 752 518 810 ago,
540 735 615 792 hanc
625 735 713 792 etiam
725 734 784 801 vix,
794 733 905 809 Tityre,
919 734 1012 790 duco:

214 835 284 903 Hic,
302 835 376 892 inter
390 836 489 893 densas
502 837 619 905 corulos,
632 838 716 894 modo
730 854 854 910 namque
868 835 1016 910 gemellos,

216 938 300 1014 Spem
315 937 415 1014 gregis,
435 938 487 995 ah!
509 938 585 996 filice
597 938 629 996 in
642 939 719 995 nuda
728 936 852 994 connixa
865 937 995 1011 reliquit.

216 1043 295 1116 Saepe
308 1042 414 1098 malum
428 1040 483 1098 hoc
497 1041 587 1109 nobis,
607 1041 720 1098 fimens
734 1058 791 1097 non
804 1039 874 1095 laeva
889 1039 997 1106 fuiffet,

215 1143 262 1201 De
274 1143 345 1200 coelo
358 1143 444 1200 ranas
458 1142 578 1200 memini
591 1143 741 1219 praedicere
754 1158 883 1216 quercus.

218 1245 272 1302 Sed
285 1252 389 1313 tamen,
410 1244 460 1302 iste
473 1247 541 1303 deus
555 1245 606 1320 qui
619 1244 661 1313 srt,
681 1245 725 1312 da,
745 1245 855 1320 Tityre,
876 1243 970 1300 nobis.

542 1366 686 1404 aidanus.

216 1450 335 1516 Urbem,
355 1467 443 1523 quam
454 1448 555 1505 dicunt
568 1449 698 1516 Romam,
717 1448 864 1515 Meliboee,
882 1449 986 1523 putavi

216 1550 323 1607 Stultus
336 1569 390 1626 ego
403 1549 471 1606 huic
485 1550 584 1606 nostrae
597 1551 725 1619 similem,
740 1570 796 1625 quo
809 1550 881 1626 saepe
894 1549 1017 1607 solemus

216 1651 338 1710 Pastores
351 1652 448 1709 ovium
460 1660 569 1710 teneros
581 1653 720 1728 depellere
732 1653 817 1710 fetus.

168 1792 169 1799 κ
217 1754 264 1812 Sic
277 1754 395 1812 canibus
408 1754 514 1811 catulos
528 1753 634 1822 sunilis,
655 1754 692 1811 fic
705 1754 841 1811 matribus
855 1754 963 1827 haedos,

218 1857 329 1914 Noram
332 1881 341 1926 ;
364 1856 401 1912 fic
414 1855 506 1932 parvis
519 1873 678 1932 oonponere
690 1875 794 1932 magna
806 1856 940 1915 solebam.

216 1961 327 2017 Verum
339 1959 400 2016 haec
414 1967 527 2016 tanturn
539 1959 607 2017 alias
620 1960 695 2016 inter
707 1968 792 2037 caput
804 1959 909 2016 extulit
924 1961 1013 2031 urbis,

218 2064 371 2123 Quantum
383 2064 460 2121 lenta
473 2064 564 2121 solent
576 2062 651 2121 inter
664 2064 787 2122 viburna
801 2064 928 2140 cuprefli.

469 2241 473 2246 .
530 2185 706 2223 uaeramus.

217 2271 255 2328 Et
268 2288 331 2346 quae
345 2276 424 2327 tanta
436 2268 494 2327 fuit
506 2269 628 2326 Romam
641 2268 695 2325 tibi
708 2267 799 2325 cautla
812 2266 945 2325 videndi?

541 2390 687 2429 alannus.

214 2473 359 2535 Libertas:
382 2494 455 2552 quae,
474 2474 542 2541 sera,
563 2483 660 2531 tamen
672 2473 794 2550 respexit
806 2472 928 2530 inertem

217 2578 382 2646 Candidior,
394 2577 541 2654 postquam
554 2576 684 2634 tondenti
697 2578 782 2634 barba
796 2577 927 2633 cadebat:

217 2680 352 2757 Respexit
365 2689 469 2747 tamen,
490 2688 519 2736 et
531 2680 618 2754 longo
630 2678 690 2754 post
702 2690 828 2755 tempore
840 2679 929 2746 venit,

218 2782 367 2859 Postquam
379 2802 429 2839 nos
442 2780 597 2857 Amaryllis
610 2779 705 2848 habet,
724 2781 841 2837 Galatea
854 2780 981 2856 reliquit.

128 2917 131 2921 Δ
216 2887 361 2963 Namque,
381 2885 491 2943 fatebor
503 2883 590 2951 enim,
610 2884 679 2940 dum
692 2902 739 2940 me
752 2883 869 2940 Galatea
883 2872 1009 2953 tenebat,

216 2988 282 3047 Nec
295 2988 355 3066 spes
366 2986 504 3044 libertatis
518 2994 586 3054 erat,
607 3003 660 3042 nec
674 3003 741 3042 cura
753 2985 859 3060 peculi:

218 3090 359 3148 Quamvis
372 3090 463 3147 multa
475 3088 546 3145 meis
559 3086 651 3145 exiret
662 3087 779 3145 vitiima
792 3086 883 3163 saeptis

217 3190 343 3268 Pinguis,
364 3200 393 3248 et
403 3191 524 3267 ingratae
535 3198 710 3266 premeretur
723 3189 816 3246 easeus
829 3190 903 3258 urbi,

217 3293 287 3383 Non
313 3312 451 3368 umquam
473 3292 567 3370 gravis
590 3311 645 3351 aere
670 3292 788 3353 domum
813 3291 887 3349 mihi
913 3294 1015 3351 dextra

107 3442 111 3450 .
216 3396 221 3407 '
290 3395 414 3457 redibat.
