2250 4050
166 421 233 485 ily.
398 412 679 479 Mounrou.
888 424 943 478 ua

166 562 248 628 Caseus
258 569 393 650 adjicitur
397 597 407 644 3
431 574 521 638 uiua·
532 573 616 652 super
627 572 733 650 ingerit
745 571 863 645 herbam

167 662 262 731 Etlae'vi
273 675 380 734 vestem
394 674 481 739 setosa
496 675 549 734 sub
561 676 682 752 inguina
693 673 786 734 fulcit.

167 763 266 835 Dextera
277 776 384 854 pistillo
396 778 522 855 primum
534 776 691 855 fragrantia
704 775 799 834 mollit

166 867 237 947 Allia5
255 888 318 943 tum
330 881 437 957 pariter
449 879 532 939 misto
545 879 612 937 ten’t
623 877 720 937 omnia
733 877 824 937 suono.

166 967 281 1038 ltmanuo
293 981 326 1040 in
339 1001 459 1060 gyrum:
479 981 631 1060 paullatim
644 979 753 1057 ungula
766 979 840 1038 vireo

166 1068 310 1154 Depertunt
320 1083 462 1161 propriam
485 1084 561 1142 color
573 1083 613 1142 est
625 1103 642 1141 e
654 1081 784 1160 pluribus
797 1100 886 1140 unus:

164 1170 212 1238 Nec
222 1192 293 1244 totus
304 1186 412 1256 viridis,
432 1186 500 1263 quia
512 1187 602 1245 lactea
616 1185 703 1248 smsta
716 1196 877 1262 repugnant
881 1209 891 1258 ς

164 1272 212 1340 Noc
221 1287 252 1345 de
263 1287 336 1346 laete
349 1288 454 1358 nitens,
473 1288 541 1365 quia
555 1296 599 1345 tot
613 1287 737 1346 variatur
750 1289 786 1345 ab
799 1287 904 1349 herbis.

164 1379 223 1462 Saepe
234 1382 284 1449 viri
298 1410 380 1451 nares
393 1410 458 1454 acer
466 1391 610 1468 jaculatur
623 1401 733 1468 apertas

163 1480 267 1564 Spiritus,
286 1504 316 1552 et
329 1495 400 1553 fimo
411 1496 529 1554 damnat
541 1494 591 1553 sua
603 1493 722 1571 prandia
734 1492 830 1551 vultu:

162 1583 221 1668 Sape
231 1617 318 1658 manu
330 1598 442 1656 summi
455 1597 635 1656 lacrimantia
649 1595 759 1655 lumina
773 1596 860 1673 tergit
864 1621 874 1668 3

161 1683 332 1776 lomentoque
345 1700 443 1758 furens
456 1698 527 1757 dicit
539 1698 667 1758 convicia
680 1699 770 1763 fumo.

160 1786 308 1861 Procedehat
320 1822 403 1880 opus:
427 1821 485 1860 uon
493 1801 555 1880 jam
568 1801 730 1871 salebrosos,
751 1812 784 1860 ut
797 1809 873 1874 ante,

161 1889 201 1957 &d
210 1906 321 1979 gravior
333 1905 425 1963 leutos
437 1905 497 1962 ibat
510 1905 629 1983 pistillos
642 1904 673 1963 in
686 1907 776 1971 orbes.

157 1988 215 2077 tuo
225 2006 341 2080 nnana
355 2016 451 2084 guttas
464 2006 583 2066 insonat
596 2007 675 2077 ouva,

155 2093 298 2188 Eximique
310 2112 395 2188 super
408 2112 480 2170 vires
494 2112 623 2177 infundit
635 2110 724 2183 acet13

154 2199 233 2284 lique
245 2214 351 2271 iterum
362 2212 518 2280 conmiscet
528 2233 609 2290 opus,
626 2214 799 2289 mistumque
812 2224 933 2273 recurat.

153 2296 214 2370 Tum
224 2315 341 2381 demum
351 2314 451 2391 digitis
463 2314 599 2374 mortaria
612 2324 672 2373 tota
686 2316 796 2373 duobus

153 2400 254 2488 cirruit,
275 2418 364 2493 inque
376 2417 496 2493 globum
511 2416 643 2475 distantia
656 2417 801 2476 contrahit
811 2436 916 2490 unum3

153 2503 250 2577 constct
262 2530 296 2584 ut
309 2519 404 2578 efferii
417 2519 531 2596 species,
552 2538 724 2596 nomenque,
741 2508 853 2579 moreti.

181 2614 254 2678 uruit
264 2622 374 2681 interea
388 2620 496 2697 Cybale
509 2625 623 2698 quoque
634 2622 729 2680 sedula
743 2642 861 2698 panem;

154 2705 233 2778 Quem
244 2723 310 2780 lotis
323 2721 425 2799 recipit
436 2721 583 2792 manibuo;
603 2722 740 2800 pulsoque
754 2726 857 2788 timore
915 2788 922 2795 ,

153 2806 305 2894 lautomia,
325 2823 414 2899 inqua
428 2824 505 2881 diem
518 2821 631 2882 securus
645 2823 769 2889 Simulus
781 2826 870 2898 illam,

153 2911 237 2981 Ambit
247 2945 330 2985 crura
342 2925 430 2983 ocreis
442 2924 566 3002 paribus,
587 2926 733 3006 tetlusque
746 2927 842 3004 galero

154 3008 200 3080 Sub
208 3021 271 3105 juga
282 3036 413 3104 parentes
426 3026 504 3101 cogit
516 3026 606 3084 loiata
615 3025 761 3104 juvencos,

155 3112 233 3195 lique
243 3128 302 3207 agit
314 3129 345 3188 in
359 3127 475 3204 segetes,
494 3136 524 3191 et
536 3136 618 3191 terrae
629 3127 728 3189 'condit
741 3140 876 3193 aratrum.
