2250 4050
108 408 111 415 Δ
170 457 227 517 168
491 452 656 512 CIRIS.
862 440 942 518 W·

168 607 342 678 leucothoe,
363 627 523 686 parvusque
535 610 590 668 den
602 625 671 667 cum
683 615 778 666 matre
790 604 921 665 Palemon.

171 710 220 769 1111
233 711 331 782 etiam,
351 712 474 783 alternas
486 711 580 770 sortiti
592 712 689 770 vivere
700 711 793 777 luces5
812 759 815 763 <

172 814 246 871 Cara
259 812 339 890 Jovis
351 813 470 884 sobolon,
489 833 629 891 magnum
643 811 724 891 Jovis
736 812 932 873 innemntm

170 916 346 993 Tyndaridae
358 916 457 975 niveos
471 916 614 974 mirantur
626 914 747 992 virginis
760 923 845 973 artus.
910 907 912 910 ’

172 1018 236 1077 Hos
248 1019 319 1076 adeo
331 1037 423 1089 voces,
444 1028 530 1095 atque
540 1018 603 1076 haec
615 1018 757 1086 lamenta,
766 1035 817 1094 per
829 1030 901 1074 auno

174 1120 319 1178 Flunibus
331 1120 363 1178 in
376 1120 477 1179 mediis
490 1121 590 1196 questu
602 1119 737 1179 volvebat
749 1119 839 1189 inani,

174 1223 224 1281 Ad
237 1222 343 1280 ooelum
355 1222 460 1281 infelix
473 1223 602 1281 ardentia
614 1222 728 1280 lumina
740 1221 855 1291 tollens,

174 1323 299 1382 Lumina
305 1350 320 1397 ς,
335 1344 404 1383 nam
417 1336 528 1384 teneras
540 1327 675 1383 arcebant
687 1323 806 1382 vincula
816 1324 920 1401 palmw

216 1426 400 1504 Supprimite,
415 1447 433 1485 o
445 1428 575 1505 paullum
589 1427 698 1485 turbati
709 1427 830 1486 flamina
842 1421 919 1485 venti!

173 1529 256 1589 Dum
269 1548 372 1606 queror
376 1555 386 1603 3
407 1539 438 1588 et
448 1529 537 1598 divos,
550 1546 729 1606 quamquain
738 1529 783 1586 nii
795 1528 901 1586 testibus
908 1515 948 1581 115

175 1632 296 1706 Profeci,
316 1634 445 1690 extremd
456 1632 582 1691 moriens
592 1641 690 1690 tamen
704 1631 843 1707 adloquor
852 1627 917 1688 hon.

175 1735 235 1792 Vos
248 1754 311 1812 ego,
332 1755 381 1793 vos
394 1736 475 1804 adeo,
496 1735 576 1794 venti
588 1735 718 1805 testabor,
739 1744 770 1791 et
782 1752 869 1802 aura,

175 1837 236 1895 Vos
249 1838 281 1894 οΙ
304 1836 440 1896 Mantind
453 1838 474 1895 fi
486 1836 537 1913 qui
551 1839 587 1895 de
599 1845 686 1914 gente
697 1835 818 1905 venitis,

175 1939 317 1998 cernitis:
338 1939 388 1998 issa
402 1959 458 2018 ego
470 1939 543 2010 sum,
562 1949 687 2016 cognato
697 1938 837 2016 sangnine
849 1933 926 2003 vobin,

177 2044 271 2120 Scylla
276 2069 285 2117 3
307 2045 384 2119 quod
397 2045 450 2102 ahl
472 2044 547 2102 salvi
560 2044 647 2102 liceat
660 2037 689 2102 te
702 2043 802 2102 dicere
811 2046 919 2111 Pronnoi

176 2146 231 2205 Illa
243 2166 298 2223 ego
311 2146 373 2205 sum
388 2147 452 2205 Nifi
465 2146 599 2224 pollentis
611 2146 672 2204 filio
684 2136 843 2223 qnondam:

177 2250 319 2308 Certatim
332 2269 369 2307 ex
383 2250 463 2308 omni
476 2250 563 2325 petiit
576 2269 663 2325 quam
676 2249 789 2307 Graecia
802 2267 896 2327 regno,

178 2351 247 2414 Qua
259 2371 363 2411 curvus
377 2361 464 2410 terras
477 2351 659 2428 ampleffltur
670 2351 885 2429 Hellespontus:

176 2456 231 2514 Illa
244 2476 299 2533 ego
311 2456 384 2526 sum,
405 2456 514 2525 Minos,
534 2455 643 2513 sacrato
656 2456 765 2513 foedere
777 2455 897 2534 conjunx

176 2556 263 2615 Dina
277 2556 345 2614 tibi:
370 2566 465 2617 tamen
479 2557 551 2624 haec,
571 2568 601 2614 et
614 2556 635 2615 fi
648 2573 708 2614 non
720 2556 843 2635 adcipio,
859 2553 935 2617 audie

175 2660 320 2718 Vindane
334 2668 394 2718 tam
407 2660 507 2736 magni
521 2661 641 2717 tranabo
653 2658 780 2736 gurgitis
790 2662 895 2719 undas?

174 2765 281 2824 vinna
295 2772 339 2822 tot
352 2763 471 2822 affiduas
482 2764 614 2839 pendebo
628 2782 665 2821 ex
677 2763 779 2822 ordine
790 2764 882 2823 luces?

174 2870 246 2927 Non
259 2867 395 2944 equidem
408 2885 455 2924 me
468 2866 525 2924 alio
538 2866 639 2941 poffim
655 2868 830 2929 contendere
841 2866 942 2944 dignm

176 2968 336 3046 Supplicio:
356 2969 435 3044 quod
448 2967 486 3025 fic
497 2967 630 3045 patriam,
652 2986 788 3045 carosque
802 2972 919 3034 Penates,

174 3073 312 3131 Hostibus
324 3070 480 3145 inmitique
496 3070 594 3128 addixi
607 3070 708 3147 ignara
721 3080 856 3149 tyranno.

172 3174 283 3234 Verum
296 3172 363 3241 esto.
404 3174 487 3241 Haec,
501 3171 611 3243 Minos,
631 3172 697 3230 illos
709 3174 844 3235 scelerata
855 3166 942 3253 pund

175 3274 205 3333 Si
218 3275 310 3334 nostra
324 3284 390 3331 ante
403 3274 508 3350 aliquis
523 3274 654 3333 nudaffet
666 3274 774 3335 soedern
787 3277 875 3349 casus,

122 3368 125 3373 ’
175 3377 317 3445 Fanum,
337 3395 469 3452 quorum,
490 3375 610 3452 ‘direptis
623 3378 771 3437 moenibus>
779 3379 865 3452 urbis,
898 3439 904 3450 ,
