2250 4050
150 444 222 513 ⁵7²·
441 438 541 498 eru.
581 438 606 498 1.
807 495 809 499 ,
862 373 922 514 ou

143 596 212 656 ultis
224 605 257 656 et
270 595 316 654 his
327 614 442 655 meeum
454 595 561 674 pariter
574 593 719 653 confidere
732 591 845 671 regnis?

143 701 229 758 rbem
242 718 332 777 quam
344 698 445 768 statuo,
457 699 547 757 vestra
559 699 614 757 est:
636 696 786 756 subducite
798 714 910 759 navem

143 822 186 862 rue
198 800 364 880 Tyriusque
377 801 451 861 mihi
463 802 544 860 nullo
557 799 721 858 discrimine
733 809 845 878 agetur.

143 916 216 982 tque
231 904 346 964 utinam
357 924 407 963 rex
421 903 489 982 ipse,
508 904 591 962 Noto
604 901 756 980 conpulsus
768 903 880 975 eodem,

144 1009 242 1068 dforet
254 1007 377 1067 AEueas!
399 1007 535 1084 equidem
546 1025 599 1084 per
610 1005 697 1065 litora
709 1015 801 1065 certos

145 1111 283 1182 iulium,
303 1123 335 1170 et
347 1109 448 1188 Libyae
460 1110 577 1168 lustrare
589 1118 718 1168 extrema
727 1108 850 1187 jubeb03

143 1264 147 1272 .
161 1216 266 1292 quibus
277 1213 384 1292 ejeuus
396 1213 481 1282 silvis,
501 1224 552 1272 aut
564 1213 691 1283 urbibus,
711 1222 795 1272 errat.

158 1319 212 1376 Hie
224 1317 355 1376 animum
367 1317 474 1376 edredi
487 1316 581 1385 dietis,
600 1324 630 1374 et
643 1315 724 1374 sortis
736 1315 862 1376 Achates

144 1430 161 1477 .t
171 1431 249 1497 pater
261 1421 371 1479 AEneae
381 1418 554 1497 jamdudum
567 1438 716 1496 erumpere
728 1421 838 1478 nubem

144 1524 280 1588 odebaotff
316 1523 396 1582 Prior
407 1523 525 1581 AEueau
537 1523 682 1600 conpellat
692 1523 833 1582 Achates:

144 1622 199 1684 late
210 1628 272 1696 ded,
290 1646 356 1703 quae
369 1645 446 1684 nunc
465 1625 564 1684 auimo
576 1625 716 1684 sententia
730 1624 837 1702 surgit?

144 1727 227 1790 *mnia
240 1741 302 1789 tuta
314 1730 409 1801 videe3
430 1728 553 1799 classem,
574 1727 720 1804 sociosque
732 1738 869 1806 receptor.

144 1826 205 1891 que
216 1833 301 1904 abest,
320 1832 417 1892 medio
430 1832 461 1890 in
475 1831 566 1890 fludtu
577 1851 665 1908 quem
678 1831 802 1892 vidimus
814 1831 865 1910 ipsi

144 1936 319 1996 ubmersum:
340 1935 424 1995 dietis
437 1934 610 2012 respondent
622 1943 716 1993 cetera
728 1934 837 1995 matris.

144 2030 184 2097 'ix
194 2060 224 2100 ea
237 2041 313 2100 satus
326 2049 395 2112 erat,
414 2059 507 2118 quum
520 2038 692 2097 circumfusa
705 2050 822 2117 repente

144 2140 230 2202 cindit
243 2143 271 2203 se
284 2145 384 2215 nubes,
404 2151 435 2202 et
445 2142 477 2201 iu
490 2142 596 2201 aethera
609 2151 715 2223 purgat
727 2152 869 2220 apertum.

144 2240 234 2306 lettidt
245 2246 364 2316 AEneae,
383 2246 516 2321 claraque
528 2246 559 2303 iu
572 2246 637 2303 luce
651 2245 769 2316 refultit,

144 2339 169 2401 la
179 2347 364 2426 hunerosque
374 2349 428 2407 deo
441 2348 553 2406 similis:
576 2367 701 2426 namque
714 2349 773 2428 ipsa
786 2349 918 2410 decoram

144 2444 272 2512 ²aesariem
285 2462 352 2511 nato
365 2450 507 2529 genetrix,
527 2451 684 2528 lumenque
692 2451 821 2529 juventu

145 2563 304 2632 urpureum,
324 2565 354 2614 et
367 2556 446 2613 laetoo
458 2554 548 2612 oculis
560 2555 680 2613 adflarat
691 2554 821 2616 honores.

144 2652 216 2716 tuate
227 2678 330 2717 manus
342 2659 453 2717 addunt
466 2657 545 2715 ebori
563 2657 658 2725 decus,
678 2670 727 2716 aut
739 2659 790 2718 ubi
802 2660 878 2720 flavo

144 2772 293 2839 egentum,
313 2761 445 2820 Pariusve
458 2759 539 2837 lap'u,
558 2760 753 2819 circumdatur
765 2781 844 2822 auro.

158 2865 232 2925 Tum
246 2865 284 2923 src
297 2863 427 2941 reginam
439 2862 612 2938 adloquitur,
622 2863 789 2941 cunblisque
799 2871 916 2943 repente

145 2968 280 3046 tprovisus
292 2967 348 3025 ait:
370 2966 486 3037 Coram,
506 2984 595 3041 quem
607 2966 744 3041 quaeritis,
764 2967 864 3027 adsum

145 3073 222 3131 roiue
235 3070 356 3138 AEueeu
373 3067 490 3146 libycis
502 3077 615 3144 ereptus
626 3069 664 3126 ab
676 3069 771 3129 undis.

159 3175 215 3234 sola
227 3173 362 3232 infandos
373 3170 469 3248 Trojae
482 3170 615 3228 miserata
627 3170 746 3241 labores,

145 3297 192 3337 ‚uae
206 3296 268 3347 nos,
287 3274 422 3350 reliquias
435 3272 580 3344 Danallm,
602 3283 741 3351 terraeque
753 3274 900 3356 marisque

145 3382 259 3442 moibru
269 3378 418 3439 amaneu
423 3376 487 3455 jam
502 3377 631 3452 casibus,
646 3380 791 3444 omnium
803 3399 937 3463 egenos,⁴
