2250 4050
129 479 158 522 v.
180 470 218 534 7.·
369 451 598 521 ECLOGA
635 458 705 521 Vn.
900 450 941 519 'as

132 617 188 675 Vir
212 616 308 694 gregis
337 617 398 693 ipse
426 626 510 694 caper
542 619 731 687 deerraverat3
761 621 848 691 atque
882 633 938 692 ego

212 719 354 797 Daphnin

133 822 287 899 Adspicio:
310 822 369 894 ille,
382 822 434 881 ubi
445 840 492 881 me
505 832 605 882 contra
617 821 695 880 videt
701 847 710 893 5
726 819 824 891 Ocius,
833 820 938 896 inquit,

132 926 204 984 Huc
216 927 292 995 ades,
313 945 332 983 o
343 925 480 983 Meliboee
488 917 497 982 l
516 944 601 1002 caper
613 923 666 982 tibi
678 924 779 994 salvus,
799 932 829 981 et
842 921 936 980 haedi:

133 1031 182 1099 Et,
204 1030 223 1086 fi
239 1030 309 1106 quid
321 1029 424 1087 cessare
436 1041 526 1106 potes,
545 1028 691 1105 requiesce
703 1028 755 1086 sub
769 1027 879 1086 umbra.

133 1134 204 1190 Huc
214 1132 267 1208 ips1
280 1141 383 1208 potum
395 1132 512 1190 venient
525 1150 578 1208 per
587 1139 668 1208 prata
676 1129 806 1207 juvenci:

133 1237 195 1297 Hic
208 1236 307 1294 viridis
320 1235 418 1294 tenera
431 1236 562 1312 praetexit
576 1225 716 1293 arundine
728 1226 817 1312 ripae¹

133 1339 275 1410 Mincius,
296 1357 370 1414 eque
382 1339 460 1398 sacra
472 1337 606 1396 resonant
618 1338 750 1395 examina
764 1355 881 1413 quercu.

134 1442 219 1500 Quid
232 1442 375 1500 facerem?
396 1459 489 1517 neque
501 1460 556 1519 ego
570 1439 722 1518 Alcippen,
736 1459 790 1498 nec
800 1440 942 1518 Phyllida,

217 1537 368 1614 habebam,
440 1553 442 1557 '
502 1533 505 1542 ’
640 1534 642 1539 ’

134 1646 279 1725 Depulsos
292 1667 308 1704 a
321 1647 394 1705 laste
408 1646 486 1705 domi
500 1666 565 1723 quae
578 1647 722 1705 clauderet
735 1667 841 1725 agnos;

135 1754 328 1810 Etcertamen
338 1759 407 1821 erat,
416 1741 551 1827 Corydon
560 1738 784 1827 curnThyrfide,
793 1768 941 1828 magnum.

135 1854 290 1912 Posthabui
304 1863 401 1912 tamen
413 1854 529 1911 illorum
541 1872 605 1911 mea
618 1853 689 1911 seria
701 1854 780 1912 ludo.

134 1957 268 2015 Alternis
280 1957 371 2033 igitur
383 1958 557 2014 contendere
571 1956 695 2013 versibus
708 1959 797 2014 ambo

135 2063 274 2137 Coepere:
297 2061 421 2118 alternos
433 2060 527 2118 Musae
539 2060 699 2118 meminisse
712 2061 857 2119 volebant.

135 2167 201 2223 Hos
215 2164 361 2240 Corydon,
381 2162 444 2220 illos
456 2164 597 2221 referebat
609 2164 640 2221 in
654 2163 754 2221 ordine
765 2164 890 2242 Thyrfis.

461 2284 621 2323 conrnon.

136 2369 297 2447 Nymphae,
331 2363 422 2426 noster
454 2387 542 2439 amor,
577 2367 765 2438 Libethrides,
786 2377 836 2426 aut
869 2368 941 2427 mihi

219 2490 344 2543 cannen,

138 2576 238 2633 Quale
251 2594 317 2633 meo
330 2576 435 2646 Codro,
455 2573 604 2632 concedite
615 2598 623 2645 3
645 2575 775 2651 proxima
789 2576 890 2634 Phoebi

135 2678 274 2736 Versibus
287 2676 336 2734 ille
349 2676 420 2735 facit
426 2702 436 2748 3
458 2686 519 2748 aut,
541 2678 561 2734 sr
575 2694 633 2733 non
645 2677 789 2752 possumus
801 2698 909 2751 omnes,

136 2780 198 2838 Hic
212 2787 314 2857 arguta
325 2777 402 2838 sacra
414 2777 552 2856 pendebit
566 2778 658 2836 fistula
672 2779 752 2856 pinu.

475 2900 617 2940 anrnsrs.

137 2988 273 3056 Pastores,
294 2986 378 3045 ederl
391 2975 565 3046 crescentem
577 2994 675 3043 ornate
687 2988 812 3062 poetam,

136 3091 277 3160 Arcades,
298 3088 406 3147 invidia
420 3090 589 3165 rumpantur
599 3096 634 3144 ut
646 3088 696 3145 ilia
708 3078 818 3149 Codtoe
935 3168 937 3173 ,

136 3196 213 3264 Aut,
234 3193 256 3250 fi
268 3192 342 3250 ultra
354 3191 493 3269 placitum
505 3191 636 3261 laudarit,
656 3194 774 3251 baccare
786 3194 912 3257 frontem

136 3296 269 3374 Cingite,
290 3315 326 3356 ne
336 3294 397 3356 vati
410 3284 511 3353 noceat
523 3284 599 3354 mala
611 3293 710 3372 lingua
723 3295 830 3356 futuro.
