2250 4050
146 440 254 497 susa.
455 424 555 491 utu.
594 420 635 489 112
888 434 946 488 aas

146 590 426 669 Myrmidonumque
438 589 531 646 dolos:
553 587 608 645 fufi
621 604 673 664 per
684 583 790 645 moenia
802 582 910 645 Teucri

145 696 334 753 Conticuere:
357 693 439 770 sopor
450 692 533 751 fellus
543 690 732 767 conplectitur
744 698 829 747 artus.
875 726 879 731 -

181 797 220 856 Et
228 797 293 875 jam
305 795 419 873 Argiva
431 796 557 873 phalanx
565 794 709 852 instruhlis
721 793 840 851 navibus
853 791 935 851 ibant

148 898 319 969 ATcnedo,
339 900 435 957 tacitae
445 918 497 976 per
509 899 602 957 amica
618 897 728 956 silentia
741 897 827 965 lunae,

149 1004 244 1063 Litora
257 1012 327 1062 nota
340 1013 454 1080 petens:
476 1003 607 1060 flammas
620 1020 711 1077 quum
725 998 803 1076 regia
817 998 920 1076 puppis

150 1107 313 1177 Extulcmt3
335 1105 461 1181 fatisque
473 1106 561 1162 desim
575 1103 708 1162 defensus
721 1103 837 1180 iniquis,

151 1208 275 1268 lhclusoa
286 1218 371 1267 utem
383 1208 498 1266 Danaos
509 1219 538 1265 et
551 1207 635 1284 pinea
649 1206 751 1264 furtim

152 1313 240 1371 Laxat
253 1312 374 1371 claustra
388 1312 490 1369 Sinoni
512 1311 586 1380 illos,
600 1311 765 1388 patefaclus,
779 1310 815 1368 ad
828 1328 910 1368 auras
992 1323 998 1333 ·

153 1410 255 1475 Reddit
266 1434 369 1492 equus,
388 1415 504 1491 laetique
516 1433 586 1472 cavo
598 1414 628 1471 se
640 1416 741 1473 robore
754 1422 890 1490 promunt

152 1513 341 1577 Thessandrus
354 1519 561 1594 Sthenelusque
575 1518 669 1587 duces,
684 1529 714 1575 et
727 1518 805 1575 dirus
818 1516 930 1583 Ulixes,

157 1619 311 1683 Demiffum
323 1622 392 1698 lapfi
402 1641 452 1698 per
462 1622 574 1693 funem3
591 1623 778 1697 Acamasque,
787 1620 949 1695 Thoasque,

158 1723 317 1801 Pelidesque
330 1725 547 1801 Neoptolemus,
568 1725 734 1802 primusque
746 1723 901 1793 Machaon,

161 1824 192 1883 Et
202 1828 365 1896 Menelaus,
385 1837 415 1885 et
427 1827 487 1905 ipse
499 1829 558 1887 doli
572 1828 727 1886 fabricator
739 1828 840 1904 Epeos.

163 1926 296 1990 Invadunt
309 1933 413 1989 urbem
426 1931 525 1990 somno
537 1930 663 2007 vinoque
677 1930 832 2007 sepultams

164 2031 313 2094 Caduntur
324 2035 436 2111 vigiles,
455 2037 600 2112 portisque
613 2035 777 2112 patentibus
790 2032 885 2094 omnis

166 2134 317 2215 Adcipiunt
329 2138 426 2206 socios,
445 2146 532 2214 atque
545 2139 661 2215 agmina
672 2137 785 2196 conscia
794 2125 941 2214 jungunt.¹

96 2317 101 2326 Ι
194 2240 320 2318 Tempus
332 2251 403 2309 erat,
418 2260 477 2318 quo
489 2241 583 2319 prima
595 2242 675 2318 quies
688 2241 855 2300 mortalibus
869 2240 952 2316 aegris

167 2337 269 2420 Incipit,
287 2355 319 2403 et
331 2345 407 2403 dono
419 2345 520 2404 divhm
532 2344 688 2421 gratiffima
699 2343 801 2421 serpit:

90 2517 96 2532 Ι
169 2439 309 2506 Iusomnis
320 2450 400 2507 ecoel
423 2456 491 2507 aute
503 2449 600 2507 oculos
615 2447 801 2508 maestillrmus
813 2447 923 2506 Hebion

169 2542 239 2608 Visus
250 2551 344 2610 adeffe
355 2551 440 2621 mihi,
459 2553 609 2629 largosque
622 2550 770 2610 effundere
782 2551 880 2622 fletus,

92 2684 101 2742 3
171 2644 294 2729 Raptatus
307 2655 383 2731 bigis
395 2666 430 2714 ut
442 2658 598 2732 quondam,
618 2666 735 2730 aterque
747 2664 867 2714 cruento

91 2793 98 2818 ι
172 2747 282 2827 Pulvere,
302 2776 411 2834 perque
422 2760 508 2835 pedes
522 2757 652 2835 trajectus
664 2759 725 2818 lora
739 2758 887 2817 tumentis.

172 2851 231 2917 Hei!
254 2859 338 2928 mihi,
358 2862 452 2937 qualis
462 2862 539 2920 'erati
560 2873 702 2938 quantum
716 2872 844 2921 mutatus
856 2864 893 2920 ab
905 2861 957 2919 illo

173 2954 292 3035 Hectore,
313 2964 366 3039 qui
379 2965 454 3024 redit
466 2967 584 3025 exuvias
597 2966 714 3024 indutus
728 2965 848 3034 Achilli,

172 3055 362 3126 lunianum
374 3068 512 3146 Phrygios
520 3068 664 3147 jaculatus
676 3069 821 3146 puppibus
833 3068 922 3145 ignis!

173 3161 342 3243 lqmlentem
354 3173 481 3243 barbam,
502 3183 533 3231 et
544 3183 692 3233 concretos
706 3172 844 3249 sanguine
861 3171 957 3239 crinis,

91 3329 95 3350 ,
173 3263 339 3350 Vulneraque
349 3274 400 3334 illa
411 3294 521 3353 gerens,
530 3296 596 3354 quae
608 3278 718 3335 circum
728 3276 852 3353 plurima
862 3295 959 3334 muros

89 3369 95 3428 -Ῑ
175 3369 283 3455 ldoepit
294 3377 411 3455 patrios.
451 3380 538 3440 Ultro
549 3381 622 3440 flens
634 3381 695 3457 ipsc
708 3380 824 3439 videbar
946 3374 948 3379 ’

526 3494 548 3531 a
