2250 4050
212 466 249 519 10
454 457 756 529 BUCOLICA‚
918 469 1011 527 ms,

209 619 302 676 Lenta
314 616 418 692 quibus
429 625 511 676 torno
525 616 606 675 facili
619 615 795 693 superaddita
808 615 874 673 vitis

209 718 336 779 Diffirsos
349 720 431 777 ederi
441 720 522 778 vestit
533 721 658 797 pallente
670 721 828 795 corymbos.

189 881 191 884 ,
209 822 244 880 In
258 822 354 880 medio
367 822 423 879 duo
435 822 527 898 figna:
550 823 662 889 Conon,
674 832 715 890 et,
727 821 790 896 quis
803 820 861 881 suit
873 822 957 889 alter,

209 923 363 1001 Descripfit
375 924 454 982 radio
466 933 560 982 totum
573 924 623 998 qui
637 923 770 1000 gentibus
783 927 900 995 orhem3

207 1027 349 1104 Tempora
360 1046 425 1102 quae
436 1026 545 1097 melior,
559 1046 623 1101 quae
633 1045 734 1084 curvus
746 1036 837 1085 arator
850 1026 989 1087 haberet?

207 1128 240 1186 N
241 1148 273 1186 ec
286 1130 356 1187 dum
368 1128 427 1186 illis
437 1128 516 1186 labro
528 1127 651 1196 admovi,
664 1127 713 1184 sed
723 1129 837 1187 condita
849 1128 940 1190 servo.

275 1308 277 1313 Ι
525 1249 691 1288 niumm.

207 1333 246 1391 Et
259 1333 341 1391 nobis
352 1332 430 1390 idem
443 1331 616 1390 Alcimedon
629 1333 686 1390 duo
697 1332 798 1408 pocula
811 1332 894 1403 fecit,

206 1436 245 1494 Et
257 1435 338 1493 molli
350 1435 458 1493 circum
470 1435 509 1492 est
520 1434 601 1492 ansas
613 1434 762 1510 amplexus
774 1435 897 1493 acantho
901 1461 913 1506 5

206 1539 378 1616 Orpheaque
390 1537 421 1595 in
434 1537 529 1595 medio
541 1536 644 1613 posuit,
659 1526 797 1612 fflvasque
810 1537 964 1613 sequentis.

207 1643 272 1701 Nec
286 1643 356 1700 dum
368 1642 427 1701 illis
439 1642 517 1700 labra
530 1640 652 1709 admovi,
665 1641 713 1698 sed
725 1641 839 1701 condita
852 1643 943 1703 servo.

207 1745 237 1805 si
247 1747 283 1805 ad
291 1745 411 1803 vimlam
422 1744 541 1821 species,
551 1742 625 1800 nihil
637 1743 685 1811 est,
695 1745 772 1818 quod
780 1745 883 1820 pocula
896 1747 1006 1810 laudes.

513 1865 686 1903 recurrens.

205 1950 377 2027 Numquam
401 1947 488 2006 home
513 1947 648 2023 effugies:
683 1947 806 2016 veniam,
829 1967 1005 2030 quocunque

283 2052 399 2111 vocatu

112 2215 115 2220 ¹
205 2154 318 2214 Audiat
325 2153 386 2211 haec
400 2162 513 2211 tantum
522 2153 576 2222 vel,
589 2152 640 2229 qui
649 2153 739 2220 venit,
753 2154 830 2211 ecce!
845 2155 1000 2217 Palaemon.

205 2256 338 2317 Efficiam
347 2256 471 2334 posthac,
484 2275 521 2313 ne
533 2274 707 2331 quemquam
718 2274 787 2314 voce
798 2256 921 2317 laceffffi

516 2376 682 2416 neuturus.

190 2462 288 2531 ...Quin
302 2481 364 2540 age,
377 2462 398 2519 fi
409 2461 480 2537 quid
492 2460 588 2527 habes,
599 2458 630 2516 in
640 2478 775 2518 memora
786 2478 844 2518 non
857 2460 913 2520 erit
925 2463 998 2535 ulla3

94 2647 98 2652 Ι
204 2566 269 2627 Nee
281 2582 455 2641 quemquam
468 2562 564 2637 fugio:
586 2568 709 2630 tantum,
719 2561 814 2620 vicine
827 2563 980 2637 Palaemon,
996 2629 999 2634 ,

204 2668 335 2727 Sentibus
347 2667 409 2725 haec
421 2664 497 2734 imis,
510 2683 555 2722 res
567 2663 607 2720 est
618 2682 677 2723 non
689 2682 785 2740 parva,
797 2683 925 2741 reponas.

513 2785 683 2825 firmor.

201 2872 313 2940 Dicite:
336 2868 696 2947 quandoquideminmolli
708 2846 885 2928 consedimus¹
892 2871 998 2945 herb33

200 2979 240 3037 Et
249 2995 327 3035 nunc
340 2972 434 3031 omnis
446 2989 521 3047 ager,
535 2989 612 3028 nunc
624 2969 717 3028 omnis
728 2972 851 3047 parturit
862 2975 943 3033 arbos
947 3000 957 3046 3

111 3084 115 3092 '
199 3080 290 3139 Nunc
302 3077 436 3135 frondent
449 3074 533 3144 srlvae,
546 3091 623 3130 nunc
634 3072 844 3132 fonnofiffimus
856 3093 957 3135 annus.

200 3182 309 3258 Incipe,
319 3180 453 3238 Damoeta
460 3202 470 3251 5
492 3183 525 3232 tu
537 3174 641 3234 deinde
653 3173 778 3249 sequere,
790 3176 933 3238 Menalca.

199 3284 328 3343 Alternis
341 3281 458 3354 dicetis3
480 3286 579 3338 amant
591 3278 699 3337 alterna
712 3278 866 3343 Camoenae.
