2250 4050
157 388 207 449 ,12
411 380 717 447 Buconica,
880 390 964 454 me.

479 551 652 595 nauarent.

170 635 303 713 Phyllida
314 655 380 696 amo
390 646 457 695 ante
467 638 549 695 alias:
572 657 641 695 nam
653 656 701 694 me
712 635 859 694 discedere
873 635 967 714 flevit;

170 741 218 810 Et,
232 742 375 817 Longum,
396 739 528 810 formose,
548 740 628 798 vale!
651 739 731 797 vale!
752 738 863 813 inquit,
886 739 966 797 Iolla.

313 823 315 828 ¹
484 860 651 901 naumann.

169 944 263 1004 Triste
274 946 359 1021 lupus
371 945 495 1015 stabulis,
516 945 635 1002 maturis
648 943 780 1018 frugibus
793 942 915 1012 imbres,
960 998 964 1002 .

171 1048 330 1123 Arboribus
342 1049 431 1123 venti,
450 1049 533 1107 nobis
546 1048 734 1123 Amaryllidis
746 1047 807 1105 irae.

239 1131 250 1164 Ἰ
486 1169 660 1208 manducas.

114 1256 116 1262 '
173 1253 266 1311 Dulce
277 1252 343 1316 satis
356 1253 468 1321 humor,
488 1252 610 1328 depulsis
622 1254 739 1310 arbutus
752 1251 855 1320 haedis,
911 1258 914 1263 '

175 1357 267 1413 Lenta
280 1355 350 1414 salix
363 1355 423 1413 feto
435 1355 541 1432 pecori,
561 1354 636 1411 mihi
650 1354 724 1412 solus
736 1355 895 1431 Amyntae.

253 1438 256 1443 ’
490 1476 655 1515 naumann.

175 1561 265 1620 Pollio
277 1569 355 1620 amat
366 1561 496 1627 nostram,
517 1561 647 1635 quamvis
659 1559 699 1616 est
711 1559 823 1628 rustica,
836 1560 971 1621 Musam:

175 1665 308 1735 Pierides,
327 1663 448 1722 vitulam
460 1663 559 1720 ledori
572 1661 678 1738 pascite
689 1663 789 1719 vestro.

480 1784 661 1822 ‚manauere

175 1869 265 1928 Pollio
277 1877 307 1926 et
319 1867 379 1945 ipse
391 1862 461 1925 facit
474 1886 547 1924 nova
561 1866 704 1924 carmina:
726 1866 835 1943 pascite
848 1877 974 1940 taurum,

176 1972 243 2050 Jam
255 1990 344 2030 cornu
356 1981 443 2048 petat,
464 1980 494 2029 et
507 1948 627 2046 pedibus
639 1970 690 2045 qui
702 1969 814 2047 spargat
827 1989 965 2031 arenam,

475 2121 478 2126 .
494 2091 662 2131 nnum‘ras.

179 2177 241 2234 Qui
250 2186 287 2245 te,
300 2176 399 2246 Pollio,
411 2186 497 2244 amat,
509 2176 617 2247 veniat,
626 2196 683 2251 quo
691 2184 720 2233 te
728 2195 843 2251 quoque
852 2178 974 2253 gaudetr

176 2280 266 2338 Mella
279 2280 373 2338 fluant
385 2279 439 2348 illi,
459 2280 534 2337 ferat
544 2288 574 2335 et
587 2281 674 2336 rubus
686 2279 765 2355 asper
776 2297 939 2339 amomum.

490 2400 664 2439 maniacus.

179 2485 242 2543 Qui
254 2485 375 2543 Bavium
389 2503 448 2541 non
461 2484 532 2552 odit,
552 2494 629 2541 amet
641 2493 690 2541 tua
703 2484 839 2553 earmina,
860 2483 966 2558 Maeuia

178 2590 277 2664 Atque
287 2588 365 2645 idem
373 2587 478 2664 jungat
491 2587 598 2662 vulpes,
619 2595 649 2644 et
660 2587 788 2663 mulgeat
800 2586 909 2646 hircos.

478 2732 480 2739 .
496 2710 661 2748 nnnmras.

179 2795 243 2855 Qui
255 2790 444 2872 legitislflore's
456 2802 486 2850 et
497 2793 580 2851 humi
593 2792 735 2850 nascentia
748 2789 838 2867 fraga,

180 2900 319 2978 Frigidus,
340 2919 357 2955 o
375 2896 469 2974 pueril
503 2895 598 2971 sugite
618 2894 696 2965 hinc,
716 2895 787 2951 latet
813 2894 919 2971 anguis
945 2896 976 2961 ia

258 3002 355 3059 herba.

493 3120 667 3159 raannncas.

181 3206 299 3275 Parcite,
318 3226 391 3276 oves,
413 3204 537 3263 nimium
549 3204 699 3281 procedere
707 3227 716 3273 3
737 3198 796 3260 non
809 3204 884 3261 bene
895 3204 966 3281 ripa

183 3309 332 3370 Creditur:
354 3307 413 3387 ipse
426 3308 496 3368 aries
508 3307 685 3376 etiamnunc
696 3306 801 3370 vellera
813 3303 906 3365 ficcat.
