2250 4050
189 465 246 518 1⁸0
446 455 729 528 MORETUM,
894 475 912 517 v

184 613 256 671 Inde
269 611 337 682 abit,
358 612 519 688 adfistitque
531 611 630 683 molae;
652 613 797 689 parvique
810 611 913 684 tabent

185 717 284 774 Quam
297 716 386 774 fixam
399 715 490 792 paries
501 715 566 773 illos
578 714 708 774 servabat
719 715 752 774 in
765 716 841 786 usus,

183 819 309 876 Lumina
318 820 379 879 dida
391 819 483 878 locat:
506 818 636 896 geminos
649 827 719 878 tunc
731 820 808 878 veste
818 819 913 881 lacerti

183 923 314 993 Liberat3
336 932 375 992 et,
396 921 505 980 cinctus
516 921 624 979 villosae
637 932 750 999 tergore
761 942 863 1000 capra,

185 1025 331 1084 Praeverrit
343 1024 435 1096 candi
447 1025 547 1096 filices,
567 1025 767 1103 gremiumque
779 1027 913 1085 molarum

183 1130 316 1187 Advocat
327 1129 395 1187 inde
407 1148 509 1187 manus
521 1129 611 1205 operi,
631 1129 754 1206 partitus
767 1130 912 1208 utrinque3

183 1233 268 1290 Laeva
281 1232 447 1300 ministerio,
467 1233 567 1290 dextra
579 1233 619 1290 est
635 1232 749 1290 intenta
759 1234 865 1306 labori3

182 1335 256 1392 Haec
268 1343 342 1393 rotnt
355 1336 467 1393 allidnio
479 1335 565 1412 gyris,
585 1343 615 1393 et
627 1335 763 1407 concitat,
782 1339 891 1396 orbem.

181 1438 278 1496 Tunsn
293 1439 380 1496 Ceres
393 1438 491 1515 rapido
504 1439 615 1497 filicum
627 1439 755 1497 decurrit
767 1441 805 1498 ab
817 1441 889 1499 actu.

181 1542 332 1600 Interdum
345 1542 421 1600 felsae
434 1541 559 1600 succedit
572 1543 642 1601 laeva
656 1540 754 1613 sorori,

180 1646 373 1722 Altemntque
385 1644 472 1704 vices.
511 1646 604 1705 Modo
619 1645 722 1704 rustice
734 1647 862 1706 carmine
873 1665 914 1706 cer

180 1750 351 1827 Agrestique
364 1748 447 1807 suum
460 1747 567 1807 solatur
579 1768 648 1808 vooe
659 1749 806 1810 laborem:

180 1853 329 1912 Interdum
341 1853 447 1912 clamat
458 1854 603 1929 Cybalen:
624 1862 685 1912 erat
697 1853 785 1915 unica
796 1856 891 1925 custos,

180 1957 254 2016 Afra
267 1976 366 2036 genus,
386 1957 447 2015 toti
458 1957 585 2035 patriam
597 1958 715 2016 testante
727 1957 832 2037 figuti,
904 2008 907 2015 .

178 2062 268 2119 Torta
281 2079 403 2129 comam,
415 2062 550 2136 labroque
565 2069 687 2130 tumens,
703 2068 733 2119 et
746 2062 825 2121 fusca
838 2062 914 2121 nolon

178 2164 294 2222 Petiore
306 2165 373 2233 lata,
388 2155 487 2241 jacens
500 2164 640 2235 mammio,
661 2167 835 2242 conpreffior
846 2166 910 2235 alvo,

178 2267 317 2326 Cmribus
330 2267 422 2337 exilio,
443 2266 564 2343 spatioll
576 2267 695 2344 prodiga
708 2268 822 2345 plant&

178 2370 332 2428 Continuis
343 2370 426 2428 rimis
438 2371 570 2428 calcanea
583 2370 643 2428 fida
655 2371 799 2447 rigebant.

178 2474 264 2531 Hanc
277 2484 368 2544 vocat,
390 2481 476 2549 atque
489 2474 584 2531 arsura
597 2473 669 2531 focis
681 2474 822 2551 inponere
833 2476 906 2554 ligna

177 2576 303 2653 Ionem,
323 2588 353 2635 et
365 2577 482 2635 flammi
495 2577 606 2653 gelidos
617 2577 730 2635 adolere
742 2578 874 2655 liquores.

215 2679 364 2756 Postquam
377 2679 498 2757 inplevit
511 2697 583 2757 optu
591 2680 695 2758 justam
708 2682 841 2742 versatile
853 2682 914 2742 fluet

174 2782 324 2842 Transfert
335 2784 405 2841 inde
417 2803 506 2842 manu
519 2784 595 2841 tusas
606 2782 639 2842 in
651 2784 744 2844 cribra
757 2786 872 2857 farinae,

174 2886 213 2943 Et
227 2886 334 2961 quatit:
356 2894 386 2944 at
399 2896 549 2946 remanent
567 2888 678 2945 summo
694 2892 865 2967 purgamine
876 2889 914 2947 dot

175 2989 299 3047 Subsidit
310 2988 426 3059 fincern,
445 2989 692 3067 foraminibusque
704 2992 835 3068 liquatur

174 3092 347 3161 Emnndate,
366 3093 461 3153 Ceret.
500 3091 580 3153 Ijaevi
593 3103 657 3151 tum
669 3095 801 3171 pretinm
813 3097 888 3157 illam

173 3195 321 3273 Conponit
334 3196 441 3266 tubuli,
460 3205 491 3255 et
503 3196 613 3275 tepidas
625 3197 709 3275 super
721 3189 831 3278 irigerit
842 3198 915 3259 uodo

173 3299 326 3357 Contmhit
338 3300 471 3359 admistos
483 3301 554 3358 dum
567 3302 672 3371 fontes,
691 3310 779 3379 atque
790 3304 897 3371 tarino,

170 3400 354 3463 Transversat
365 3403 466 3465 durata
479 3423 582 3479 mnnu3
603 3404 774 3485 liquidoque
785 3407 879 3468 oon&
