2250 4050
177 461 236 513 222
455 447 692 510 AENEIDO
707 451 737 520 S,
871 459 936 525 ult

175 609 241 667 Nec
253 605 348 665 dubiis
361 624 394 664 ea
408 605 487 683 signa
500 605 580 664 dedit
592 607 726 667 Tritonia
739 607 884 669 mentun:

167 712 236 768 'Vix
248 711 371 788 politum
384 709 478 768 castris
491 694 683 780 simulacrum,
703 711 797 770 arsere
808 712 923 771 corusce

176 814 349 872 Luminibua
362 814 486 873 flammae
500 813 629 884 adreffls,
650 812 794 891 salsusque
806 835 858 893 per
868 825 936 875 artua

177 919 268 976 Stador
279 917 328 975 iit:
352 927 451 993 terque
463 915 524 992 ipsa
536 914 605 986 solo,
626 916 760 977 mirabile
771 919 865 977 dietat
909 923 912 929 '

177 1020 313 1091 Emicuit,
340 1038 525 1097 parmamque
548 1020 642 1078 ferens
664 1021 832 1099 hastamque
852 1032 936 1081 trem

180 1164 185 1172 ·
255 1130 324 1182 tem.
584 1131 587 1136 '

176 1227 331 1303 Extemplo
344 1227 480 1284 tentanda
498 1226 569 1302 fugi
582 1227 661 1284 canit
673 1247 788 1304 aequora
801 1206 927 1300 caletus,

176 1331 241 1389 Nec
253 1330 330 1406 polle
343 1329 486 1405 Argolicis
497 1329 627 1388 exscindi
640 1333 778 1408 Pergama
792 1333 868 1402 telis,

175 1433 284 1493 Omnia
297 1433 329 1490 ni
342 1442 473 1510 repetant
485 1434 582 1511 Argis,
603 1453 769 1511 numenque
782 1438 920 1503 reducant,

176 1540 266 1598 Quod
278 1538 381 1615 pelago
390 1548 420 1596 et
432 1538 529 1596 curvis
540 1536 637 1596 secum
646 1541 770 1596 'avexere
783 1540 893 1597 carinis.

174 1643 212 1699 Et
227 1661 313 1712 nunc,
334 1642 410 1718 quod
422 1640 527 1718 patrias
541 1649 629 1699 vento
639 1642 749 1718 petiere
760 1643 903 1720 Mycenae,

174 1747 267 1804 Arma·
279 1747 404 1822 deosque
416 1753 518 1822 parant
530 1746 660 1815 comites,
674 1746 835 1822 pelagoque
846 1750 936 1804 remcul

174 1849 312 1926 Inprovifi
325 1850 459 1907 aderunt:
481 1848 522 1906 ita
535 1848 642 1925 digerit
654 1848 753 1907 omina
766 1850 892 1909 Calchas.

174 1953 259 2011 Hanc
272 1971 324 2031 pro
334 1951 469 2022 Palladio,
490 1951 604 2019 moniti,
624 1953 810 2030 pro'numine
821 1953 892 2022 laso,

173 2055 313 2134 Effigiem
324 2056 456 2127 llatuere5
478 2057 557 2115 nefas
571 2075 636 2132 quae
648 2057 725 2114 triste
739 2058 839 2134 piaret.

173 2161 259 2218 Hanc
272 2169 368 2218 tamen
382 2159 540 2218 inmensam
554 2160 676 2218 Calchas
689 2162 827 2221 adtollere
839 2160 931 2220 molem

173 2263 333 2322 Roboribus
347 2264 441 2331 textis,
462 2264 592 2338 coeloque
604 2265 725 2321 educere
734 2244 828 2341 juffit':

172 2367 221 2425 Ne
233 2367 323 2443 recipi
335 2366 433 2444 portis,
453 2376 503 2424 aut
516 2367 583 2424 duci
596 2367 628 2424 in
641 2367 748 2426 moenia
760 2368 854 2445 poffit,

172 2471 242 2528 Neu
253 2471 391 2548 populum
405 2469 522 2546 antiqui
534 2470 586 2529 sub
599 2471 738 2547 religione
752 2472 836 2530 tueri.

172 2573 261 2644 Nam,
282 2574 304 2631 fi
316 2573 405 2631 vestra
417 2592 519 2631 manua
531 2573 659 2632 violaffet
672 2574 747 2631 dona
760 2575 902 2642 Minervae,

171 2677 250 2738 Tum
271 2696 411 2755 magnum
431 2676 561 2748 exitium,
587 2678 665 2752 quod
685 2676 715 2734 dl
735 2676 814 2753 prius
835 2671 936 2735 omeni

249 2780 343 2857 ipsum
729 2787 731 2791 ’

172 2883 363 2942 Convertuntl
388 2882 492 2942 Priami
511 2882 635 2960 imperio
652 2883 868 2961 Phrygibusque
886 2882 936 2940 futu

248 3006 330 3045 rum:
490 3015 493 3021 ·

171 3090 222 3172 Sin
233 3049 366 3149 manibus
376 3089 474 3148 vestris
484 3090 602 3149 vestram
616 3090 801 3150 adscendiffet
813 3093 845 3149 in
856 3091 936 3148 urben

170 3193 257 3251 Ultro
269 3192 368 3251 Asiam
381 3211 487 3269 magno
500 3193 619 3271 Pelopea
632 3195 669 3252 ad
682 3196 790 3253 rrioenia
802 3195 876 3253 bello

170 3293 340 3367 Venturam,
361 3306 390 3353 et
403 3297 508 3354 nostros
521 3315 554 3354 ea
567 3298 627 3355 fata
640 3316 758 3355 manere
771 3308 891 3375 nepotes.

206 3399 326 3459 Talibus
338 3399 455 3471 iufidiia,
473 3399 638 3478 perjuriquc
650 3410 712 3460 arte
725 3400 847 3472 Sinonia,
