2250 4050
172 445 228 506 162
491 448 653 506 CIBIS.
863 442 937 521 ulli

168 600 321 679 Lentaque
331 614 481 680 perpetuas
494 605 633 663 fuderunt
646 603 765 662 brachia
778 620 888 681 pennae.

168 707 241 764 Inde
254 706 323 764 alias
336 707 432 782 partis,
453 707 602 784 minioque
615 707 722 765 iufedla
735 705 850 765 rubenti

169 811 271 878 Crura,
291 810 366 867 novi
378 809 485 867 macies
498 810 621 868 obduxit
634 811 763 887 squalida
778 806 856 886 pelli,

169 914 207 970 Et
219 911 340 989 pedibus
354 912 459 970 teneris
473 932 585 990 ungues
597 913 719 971 confixit
731 910 838 970 acutosss

170 1017 208 1073 Et
222 1025 319 1072 tamen
332 1015 388 1072 hoc
401 1015 518 1072 demum
530 1014 640 1073 misene
652 1016 815 1073 succurrere
827 1013 903 1090 patio

170 1118 231 1175 Vix
244 1118 337 1175 fuerat
350 1117 463 1193 placida
475 1118 608 1195 Neptuni
621 1116 744 1194 conjuge
757 1118 886 1194 dignum.

170 1221 341 1295 Numquam
355 1220 435 1277 illam
448 1221 564 1296 posthac
577 1221 654 1277 oculi
667 1220 766 1278 videre
778 1219 890 1278 suorum

170 1325 327 1399 Purpureas
340 1323 415 1380 flavo
428 1323 602 1381 retinentem
615 1323 723 1381 vertice
734 1323 835 1394 vittas3
908 1359 910 1364 ·

171 1428 241 1484 Non
255 1427 398 1485 thalamus
411 1427 501 1503 Tyrio
513 1428 642 1504 fragrans
655 1428 771 1504 adcepit
784 1446 902 1494 amomo,

171 1531 271 1591 Nullae
284 1530 365 1588 illam
378 1529 469 1587 sedes:
493 1530 564 1605 quid
573 1529 636 1606 jam
648 1550 716 1588 cum
729 1530 843 1588 sedibus
857 1529 909 1586 illi?

174 1636 251 1692 Quae
265 1633 348 1690 fimul
362 1639 395 1689 ut
408 1632 465 1690 sese
478 1651 550 1690 cano
562 1633 598 1690 de
611 1633 729 1709 gurgite
741 1635 827 1691 velox

172 1741 250 1797 Cum
263 1737 360 1795 sonitu
373 1737 409 1793 ad
423 1737 529 1794 coelum
542 1736 725 1794 stridentibus
737 1737 843 1794 extulit
854 1735 910 1805 alis,

172 1845 211 1900 Et
223 1842 350 1899 multum
362 1840 420 1900 late
433 1838 561 1915 dispersit
574 1839 606 1896 in
619 1858 733 1915 aequore
746 1858 855 1910 rorem3

172 1943 281 2002 Infelix
294 1942 386 2018 virgo,
407 1941 603 2017 nequidquam
616 1961 632 1998 a
645 1950 737 1999 morte
750 1951 872 2018 recepta,

172 2047 322 2106 Incultum
334 2045 399 2103 solis
413 2045 443 2101 iu
456 2045 575 2120 rupibus
587 2043 680 2121 exigit
693 2064 798 2116 aevum,

174 2150 312 2226 Rupibus,
333 2158 362 2204 et
376 2146 508 2223 scopulis,
528 2157 557 2203 et
570 2147 702 2204 litoribus
714 2148 842 2205 desertis.

173 2254 238 2311 Nec
252 2261 348 2310 tamen
367 2250 423 2307 hoc
441 2249 547 2306 iterum
560 2248 646 2325 poeua
658 2248 732 2307 fine:
756 2268 878 2327 namque
889 2246 936 2305 ded

253 2375 314 2424 rex,

174 2461 282 2518 Omnia
296 2459 347 2534 qui
360 2457 481 2535 imperio
495 2468 635 2516 terrarum
647 2456 738 2515 millia
751 2458 852 2526 versat,

175 2564 336 2620 Conmotus
349 2562 437 2619 talem
450 2561 486 2627 ad
499 2549 613 2637 superos
625 2560 746 2618 volitare
758 2562 888 2637 puellam,

176 2667 253 2723 Cum
266 2672 348 2741 pater
360 2664 503 2721 extindius
515 2663 590 2721 caeca
603 2662 656 2719 sub
669 2664 873 2729 nodie-lateret,

175 2769 223 2830 Illi
237 2787 288 2844 pro
300 2766 408 2842 pietate
421 2765 470 2821 sua
484 2768 567 2842 (narn
580 2765 654 2841 saepe
667 2762 778 2841 tepenti

177 2870 322 2948 Sanguine
336 2878 483 2926 taurorum
497 2867 617 2944 supplex
629 2866 803 2942 resperserat
809 2856 881 2935 arau'

177 2979 256 3052 Saepe
269 2975 357 3031 deum
370 2973 450 3048 largo
464 2972 611 3029 decorarat
623 2989 743 3029 munere
756 2970 846 3044 sedes)

178 3076 313 3138 Reddidit
330 3084 467 3150 optatam,
488 3082 599 3131 mutato
612 3092 738 3149 corpore,
760 3060 865 3144 vitam5¹

177 3180 256 3239 Fecit
270 3188 298 3236 et
312 3179 343 3235 in
357 3177 438 3234 terris
452 3176 611 3234 Haliaeetus
623 3175 681 3233 ales
694 3185 729 3234 ut
741 3176 822 3234 effeti

178 3282 297 3358 Quippe
309 3278 412 3355 aquilis
426 3278 535 3355 semper
549 3280 655 3355 gaudet
668 3275 738 3336 deus
749 3280 800 3337 ille
812 3272 925 3336 conrscffi·

177 3385 257 3443 Huic
271 3400 337 3441 vero
350 3376 470 3451 miserae,
490 3379 629 3457 quoniam
641 3381 779 3441 damnata
791 3382 894 3440 deorum
