2250 4050
150 460 178 510 ε.
244 432 247 437 ’
380 451 479 510 Llu.
519 450 572 510 IV.
818 460 873 525 1¹7

147 607 189 667 uis
200 608 282 666 Deus
297 606 381 677 hanc,
398 606 501 676 Mnsae,
517 607 583 684 quis
597 607 679 666 nobis
697 608 811 666 extudit
828 626 873 667 ar·

189 714 268 770 tem?

146 832 164 871 ,e
175 834 249 873 nora
260 813 400 891 ingreffua
412 813 564 872 hominum
577 815 755 893 experientia
766 815 858 893 cepit?

146 918 208 976 istor
219 917 357 977 Aristaeus
369 917 485 994 fugiens
499 920 603 976 Peneia
615 919 737 996 Tempe,

145 1020 202 1092 tffis,
222 1030 257 1080 ut
269 1021 357 1090 fame,
378 1021 478 1098 apibus
490 1023 648 1099 morboque
661 1023 804 1100 fameque,

145 1123 176 1181 ‚lis
188 1126 224 1184 ad
235 1124 359 1185 extremi
372 1123 483 1184 sacrum
495 1134 583 1202 caput
595 1125 702 1184 adstitit
713 1126 814 1195 amnis,

145 1227 175 1287 lta
185 1246 316 1305 querens,
336 1237 422 1304 atque
434 1228 488 1286 hac
498 1228 612 1287 adfatus
624 1247 694 1286 voce
706 1241 869 1305 parentem:

144 1338 184 1400 ter,
202 1333 316 1409 Cyrene
328 1342 428 1402 mater,
451 1350 515 1407 quae
528 1330 652 1408 gurgitis
664 1330 747 1408 hujus

144 1450 149 1489 ι
159 1443 241 1506 tenen
260 1434 332 1511 quid
344 1453 392 1493 me
403 1435 536 1512 praeclarl
549 1434 633 1511 stirpe
645 1427 772 1505 deorum,

143 1540 222 1611 uodo,
248 1557 337 1616 quem
356 1538 497 1616 perhibes,
522 1548 604 1617 pater
623 1538 663 1597 est
681 1538 871 1616 Th5mbraeue

161 1642 271 1721 Apollo,

143 1741 207 1806 ilum
218 1746 287 1806 fatie
299 1745 437 1823 genuisti?
458 1753 508 1802 aut
519 1762 578 1821 quo
591 1740 645 1804 tibi
659 1746 744 1803 nostri
810 1752 813 1759 '

143 1847 178 1909 sus
189 1853 286 1910 amor?
306 1850 377 1926 quid
389 1868 436 1907 me
448 1849 553 1907 coelum
567 1848 675 1926 sperare
684 1848 819 1926 jubebar?

142 1949 147 2006 l
163 1954 246 2014 etiam
259 1954 338 2014 hunc
350 1954 445 2032 ipsum
456 1952 524 2010 vitae
536 1936 664 2011 mortalis
677 1953 822 2023 honorem,

142 2074 179 2116 em
188 2059 262 2118 mihi
270 2059 321 2118 vix
331 2060 448 2136 frugum
458 2067 487 2116 et
495 2058 638 2134 pecudum
645 2057 769 2115 custodia
777 2058 872 2116 sollers

141 2161 187 2221 nia
198 2163 324 2221 tentanti
336 2163 494 2230 extuderunt,
514 2172 544 2219 te
555 2172 647 2219 matre
659 2162 796 2238 relinquo.

141 2260 238 2343 iunge,
258 2275 289 2323 et
301 2265 362 2341 ipsa
375 2284 464 2323 manu
477 2265 569 2324 felicis
581 2284 647 2322 erue
661 2265 754 2333 filvas;
853 2343 856 2350 Ι

141 2368 255 2428 'stabulis
262 2369 415 2428 inimicum
423 2370 530 2445 ignem,
539 2377 625 2444 atque
631 2368 760 2426 interfice
767 2367 872 2441 meffis3

140 2471 221 2544 elata,
242 2483 273 2531 et
285 2472 410 2530 validam
423 2472 453 2529 in
466 2472 533 2531 vitis
546 2472 647 2531 molire
660 2473 827 2550 bipennem:

140 2584 174 2633 rta
185 2595 258 2635 rneae
271 2576 292 2633 fi
306 2584 336 2633 te
349 2586 485 2652 ceperunt
499 2565 583 2634 taedia
596 2576 696 2635 laudis.

140 2677 165 2735 lt
174 2691 265 2738 mater
278 2679 404 2737 sonitum
418 2679 544 2737 thalamo
557 2678 609 2737 sub
620 2679 749 2738 fluminis
762 2681 813 2738 alti

139 2780 184 2840 {fitz
204 2801 270 2841 eam
286 2783 396 2844 circum
409 2782 522 2842 Milefia
534 2783 639 2841 vellera
652 2783 798 2862 Nymphae

139 2888 252 2959 petant,
273 2886 351 2963 hyali
363 2886 457 2945 saturo
470 2887 566 2945 fucata
579 2887 685 2956 colore;

138 3004 255 3066 tutoque,
269 2989 452 3065 Xanthoque,
471 2991 627 3067 Ligeaque,
638 2990 875 3066 Phyllodoceque,

138 3088 231 3152 =sariem
244 3091 342 3151 effusae
355 3093 477 3152 nitidam
488 3112 539 3171 per
551 3094 671 3151 candida
684 3094 755 3151 colla
762 3118 771 3164 ς

138 3189 191 3265 lue,
210 3197 343 3273 Spioque,
355 3197 523 3272 Thaliaque,
544 3198 773 3275 Cymodoceque,

137 3293 278 3378 dippeque,
298 3300 414 3358 etflava
429 3299 577 3378 Lycorias;
599 3302 687 3359 altera
699 3300 790 3377 virgo,

137 3403 185 3461 ltu
197 3413 259 3463 tum
272 3403 380 3481 primos
393 3404 510 3463 Lucinae
522 3414 640 3481 experta
652 3404 761 3462 labores
766 3427 777 3475 ς
