2250 4050
168 450 232 507 m
431 413 713 513 munrnos,
867 435 949 514 ιγω,

169 602 305 663 Vestrum
317 602 373 662 hoc
385 603 550 682 anguium,
558 603 709 679 vestroque
718 601 752 661 in
762 601 882 660 numine
886 594 949 674 Trojz

248 708 298 766 est.

171 811 253 870 Cedo
265 812 414 888 equidem3
437 831 501 882 nec,
520 822 597 880 nate,
618 810 675 869 tibi
687 829 786 869 comes
795 810 838 868 ire
850 805 941 866 recuso.

211 917 335 975 Dixerat
347 916 411 974 ille:
433 915 534 993 etjam
547 934 599 992 per
612 916 720 973 moenia
733 913 839 976 clarior
849 911 917 990 ignis

171 1019 311 1090 Auditur,
329 1020 503 1098 propiusque
515 1019 598 1078 aestus
609 1018 747 1078 incendia
759 1019 887 1078 volvunt.

169 1124 249 1201 Ergo
262 1142 325 1202 age,
344 1143 409 1183 care
421 1134 511 1202 pater,
523 1123 636 1182 *cervici
649 1123 792 1200 inponere
804 1121 911 1190 nostrae5

172 1226 238 1303 Ipse
250 1227 352 1286 subibo
364 1227 502 1298 humeris,
523 1247 578 1286 uec
587 1247 636 1286 me
648 1227 731 1285 labor
743 1226 797 1284 iste
810 1219 935 1302 gravabit.

173 1328 244 1389 Quo
258 1347 303 1389 res
319 1350 446 1408 cumque
465 1332 581 1401 cadent,
599 1350 695 1389 unum
710 1339 741 1388 et
758 1343 907 1388 commune
917 1339 949 1400 pe

250 1433 364 1505 riclum,

173 1539 242 1598 Una
253 1537 339 1610 salus,
357 1542 497 1598 ambobus
508 1539 574 1599 erit.
614 1538 694 1596 Mihi
706 1556 811 1616 parvus
821 1536 898 1594 Inlns

174 1642 218 1702 sit
229 1661 334 1712 comes,
353 1651 385 1701 et
396 1643 484 1720 longe
496 1643 589 1702 servet
601 1641 724 1718 vestigia
735 1639 874 1719 conjunx.

174 1747 244 1813 Vos,
264 1747 377 1817 famuli,
397 1766 463 1824 quae
475 1746 582 1816 dicam,
602 1746 707 1805 animis
719 1745 862 1804 advertite
873 1736 948 1802 vestri

175 1850 225 1908 Est
236 1853 308 1908 urbe
321 1851 437 1928 egreffis
447 1851 587 1921 tumulus,
599 1850 801 1927 templumque
812 1846 942 1907 venustum

174 1953 303 2012 Desertae
315 1954 437 2025 Cereris,
452 1953 595 2033 juxtaque
607 1954 726 2031 antiqua
738 1952 891 2031 cupreffus,

176 2058 331 2136 Religione
342 2069 458 2137 patrum
470 2060 578 2119 multon
589 2058 700 2118 servata
712 2076 765 2135 per
776 2076 878 2117 annos:

175 2164 263 2221 Hanc
276 2182 313 2220 ex
326 2162 438 2223 diverso
450 2163 547 2222 sedem
559 2163 709 2224 veniemus
721 2162 755 2220 in
767 2180 867 2230 unam.

175 2267 233 2336 Tu,
247 2268 371 2344 genitor,
385 2285 455 2344 cape
465 2266 542 2326 sacra
554 2286 654 2337 manu,
666 2266 834 2344 patriosque
846 2267 948 2323 Pemtn

176 2370 238 2439 Me,
259 2370 365 2430 beline
378 2380 461 2429 tanto
472 2358 638 2449 digressum,
657 2381 688 2429 et
700 2370 780 2428 nunde
792 2367 907 2438 recenti,

177 2475 346 2533 Adueninre
358 2476 452 2548 nefas5
474 2477 565 2534 donec
578 2494 626 2534 me
638 2473 762 2532 flumine
774 2474 855 2535 viro.

175 2579 317 2638 Abluero.
494 2577 496 2582 ’
924 2619 927 2626 -

216 2684 290 2741 Haec
303 2684 389 2753 fatus,
408 2685 480 2743 latos
492 2684 638 2753 humeros,
656 2680 842 2759 subjeuaque
853 2678 927 2747 colla,

177 2786 263 2845 Veste
276 2786 369 2864 super,
389 2788 521 2863 fulvique
533 2787 674 2846 instemor
684 2784 763 2865 pelle
776 2786 882 2857 leoni25

178 2891 361 2967 Sucnednque
374 2891 469 2950 oneri:
492 2893 602 2950 dextrae
614 2891 644 2950 se
656 2908 761 2968 parvus
773 2891 856 2949 Iulus

177 2994 325 3071 Inplicuit,
345 2996 530 3073 sequiturque
541 3006 654 3074 patrem
667 3014 727 3053 non
738 2994 866 3073 passibns
878 2988 949 3069 aqui

177 3099 255 3158 Pone
268 3098 346 3158 subit
358 3099 496 3176 conjunx
536 3100 667 3158 Ferimur
677 3118 730 3178 per
741 3118 832 3177 opaca
844 3100 949 3157 lonnnu

178 3202 217 3259 Et
228 3221 285 3272 me,
299 3222 388 3280 quem
400 3204 512 3268 dudum
524 3222 584 3264 non
597 3204 658 3262 ullu
670 3202 777 3282 injeeta
789 3206 938 3263 movebant

176 3304 259 3381 Tela,
279 3325 375 3386 neque
386 3307 503 3368 adverso
513 3307 666 3385 glomerati
677 3326 715 3365 ex
727 3305 847 3385 agmine
859 3303 942 3373 Graii,

162 3414 207 3479 N
208 3436 268 3479 unc
283 3432 392 3479 omnen
401 3422 517 3476 tenent
526 3429 619 3483 nure,
633 3410 723 3468 inune
730 3408 934 3469 unumunurn
