2250 4050
146 439 236 514 ‚ron
441 433 541 494 urs.
579 435 619 495 11.
873 443 930 495 ns

146 597 240 655 :redita
252 613 313 666 res,
334 592 471 670 septique
482 590 564 662 dolis,
584 589 767 668 lacrimisque
783 592 897 663 coreb,

146 705 207 759 luos
219 717 318 776 neque
328 696 467 774 Tydides,
487 715 540 754 noc
553 694 701 753 mriffaeus
714 695 853 756 Achilles.

146 804 191 861 lon
202 803 275 861 anni
287 802 426 859 domuere
437 799 546 868 decem,
566 817 625 857 non
639 799 719 857 mille
732 800 848 859 carinae.

165 906 223 964 Hic
235 905 319 965 aliud
331 902 422 982 majus
435 903 545 961 miseris
556 903 708 979 multoque
722 905 904 961 tremendum

146 1009 271 1087 >bjicitur
282 1008 386 1085 magis,
406 1018 493 1083 atque
505 1005 658 1083 inprovida
670 1007 783 1083 potiora
796 1009 901 1065 turbst.

146 1132 271 1180 aoooon,
291 1111 394 1169 dubius
407 1112 547 1187 Neptuno
559 1109 634 1167 sorte
646 1108 784 1178 sacerdos,

146 1217 280 1275 'ollemnis
293 1226 410 1274 taurum
421 1213 572 1292 ingentem
585 1213 727 1273 mafiabat
740 1216 776 1271 ad
789 1233 860 1273 aras.

146 1319 219 1379 lccel
243 1328 344 1379 autem
356 1317 467 1395 gemini
480 1337 497 1375 a
509 1317 629 1374 Tenedo
642 1317 794 1393 tranquilla
808 1337 860 1395 per
871 1318 930 1377 alta

146 1423 286 1492 [Horresco
299 1421 438 1495 referens)
451 1420 586 1478 inmensis
599 1421 715 1480 orbibus
727 1439 835 1498 angues

146 1526 309 1585 lncumbunt
319 1525 432 1602 pelago,
451 1522 613 1601 pariterque
625 1526 662 1583 ad
674 1524 757 1582 litora
771 1526 908 1583 tendunt:

146 1629 245 1689 lesora
257 1647 381 1707 quorum
394 1628 471 1685 inter
482 1627 586 1685 finitus
599 1628 720 1698 adrosis,
735 1627 877 1706 jubasque

146 1731 312 1812 sanguineae,
326 1731 497 1808 exsuperant
506 1731 610 1788 undas:
632 1751 696 1808 pars
704 1743 799 1791 oetera
809 1743 932 1811 pontum

148 1833 209 1895 Pone
221 1837 304 1914 legit,
322 1836 492 1910 finuantque
503 1833 631 1892 inmensa
642 1835 790 1894 volumine
802 1847 893 1914 terga.

149 1935 310 2008 Fitsonitus,
324 1937 475 2015 spumante
487 1938 558 1996 salo:
576 1936 694 2015 jamque
707 1958 772 1997 arva
786 1943 931 2014 tenebant,

151 2042 327 2120 Ardentisque
340 2043 437 2100 oculos
449 2041 562 2100 suffodi
575 2041 715 2119 sanguine
727 2053 756 2101 et
768 2045 841 2121 igni,
915 2061 917 2066 ’

152 2142 222 2205 sbila
234 2148 402 2206 lambebant
414 2146 522 2223 linguis
534 2145 714 2204 vibrantibus
727 2166 784 2206 ora.

152 2242 314 2327 Diffugimus
325 2248 389 2307 visu
400 2249 566 2326 exsangues.
606 2249 654 2306 Illi
667 2250 782 2326 agmine
796 2261 874 2310 certo
931 2305 933 2309 .

152 2348 297 2412 Laoooonta
309 2363 429 2431 petunt:
450 2363 480 2410 et
492 2352 619 2429 primum
631 2372 719 2430 parva
733 2355 855 2413 duorum

154 2450 259 2533 Corpora
273 2466 407 2515 natorum
420 2456 532 2533 serpens
545 2455 693 2532 amplexus
706 2466 828 2533 uterque

153 2551 266 2634 inplicat,
287 2570 318 2617 et
330 2559 444 2617 miseros
456 2558 551 2617 morsu
565 2560 726 2636 depascitur
737 2572 824 2620 artus.
934 2608 936 2612 .

154 2656 199 2720 Post
209 2664 314 2741 ipsum,
335 2662 442 2721 auxilio
455 2662 625 2722 subeuntem
638 2683 671 2722 ac
684 2664 740 2722 tela
753 2666 903 2738 ferentem,
928 2681 930 2685 ‘

154 2759 318 2844 Couripiunt,
330 2766 477 2843 spirisque
489 2766 582 2843 ligant
594 2766 773 2843 ingentibus:
795 2778 825 2827 et
833 2769 905 2847 jam,

153 2860 186 2925 Bis
197 2871 325 2929 medium
340 2871 475 2947 amplexi,
495 2870 538 2927 bis
550 2870 624 2928 collo
637 2869 770 2946 squamea
783 2873 894 2931 circum

153 2964 228 3051 Terga
241 2973 312 3042 dati,
333 2974 466 3049 superant
478 2974 582 3051 capite,
603 2982 632 3030 et
645 2974 802 3033 cervicibus
815 2977 889 3035 altis.

153 3066 190 3133 Ille
197 3077 283 3136 simul
297 3075 429 3133 manibus
441 3077 536 3134 tendit
548 3077 683 3139 divellere
696 3079 794 3149 nodos,

152 3167 263 3238 Perfusus
277 3179 355 3238 sanie
367 3181 462 3247 vittas,
482 3190 601 3256 atroque
613 3200 724 3239 veneno
727 3207 736 3253 3

153 3272 281 3342 Clamores
294 3283 377 3342 timul
389 3282 543 3345 horrendos
556 3286 592 3342 ad
606 3285 694 3342 fidera
708 3286 798 3343 tollit:

154 3375 240 3445 Qualis
252 3386 392 3463 mugitus,
412 3387 490 3465 fugit
503 3406 595 3464 quum
606 3388 716 3447 saucius
729 3408 808 3448 aram
