2250 4050
164 484 192 534 v.
205 485 254 548 94.
479 471 580 532 LIB.
617 471 676 530 111.
911 473 966 524 251

166 629 342 690 Dardanidae
354 629 429 700 duri,
449 649 514 706 quae
524 648 577 688 vos
588 647 606 687 a
619 626 705 705 stirpe
716 630 870 705 parentum

166 733 261 792 Prima
276 733 344 791 tulit
357 733 451 802 tellus,
470 733 572 791 eadem
584 750 634 789 voa
645 732 734 789 ubere
746 730 813 788 laeto

166 835 306 912 Adcipiet
317 837 451 895 reduces:
472 833 624 911 antiquam
635 831 780 910 exquirite
792 838 924 890 matrem.

168 938 227 997 Hic
241 939 342 996 domus
355 939 459 996 AEneae
471 936 582 997 cunffla
594 934 791 995 dominabitur
802 933 869 1002 oria,

167 1043 206 1100 Et
218 1041 282 1100 nati
294 1049 438 1111 natorum,
458 1049 489 1099 et
501 1041 553 1118 qui
566 1039 719 1098 nascentur
731 1039 768 1096 ab
780 1036 848 1096 illia.
870 1117 874 1125 Ι

167 1146 240 1203 Haec
254 1144 390 1203 Phoebus:
412 1144 562 1221 mixtoque
574 1143 678 1221 ingena
689 1150 789 1200 exorta
801 1140 932 1200 tumultu

169 1248 283 1308 Laetitla
290 1273 299 1321 ς
319 1257 350 1306 et
362 1248 469 1318 cundti,
490 1267 556 1325 quae
569 1247 671 1306 lintea
683 1246 800 1316 maenia,
817 1254 968 1324 qumant5

170 1352 239 1410 Quo
253 1350 375 1410 Phoebus
387 1360 471 1409 vooet
486 1350 617 1419 errantia,
632 1348 791 1427 jubeatque
803 1346 918 1408 reverti.

168 1456 246 1513 Tum
267 1453 391 1540 genitor,
410 1462 542 1513 veterum
557 1454 675 1512 volvem
693 1459 883 1512 monumenta
895 1451 971 1512 viro·

248 1577 323 1627 rum,

170 1661 289 1728 Audite,
308 1680 328 1717 o
339 1658 482 1737 procereal
503 1657 559 1731 ait3
580 1664 611 1717 et
622 1659 684 1736 spes
695 1656 797 1717 discite
808 1657 920 1717 vestras.

172 1765 258 1822 Creta
270 1763 351 1842 Jovis
364 1761 572 1839 magnimedio
580 1760 657 1839 jacet
669 1760 762 1820 insula
775 1770 864 1839 ponto
869 1786 878 1833 ;

137 1867 139 1870 ’
170 1868 257 1927 Mons
272 1867 366 1925 ldaeua
378 1865 439 1937 ubi,
459 1874 489 1923 et
502 1865 597 1943 gentis
608 1864 752 1923 cunabula
764 1864 874 1924 nostrae

170 1971 297 2030 Centum
310 1970 395 2030 urbes
412 1967 546 2028 habitant
558 1986 686 2045 magnae,
706 1967 852 2028 uberrima
865 1987 969 2047 regna:

172 2074 320 2133 Maximus
332 2073 410 2130 unde
423 2079 514 2149 pater,
534 2071 555 2129 fi
568 2070 624 2129 rite
637 2071 735 2130 audita
747 2074 889 2142 reoordor,

171 2176 299 2234 Teucrus
312 2174 446 2233 lihoeteaa
456 2173 584 2251 primum
596 2173 637 2231 est
648 2174 781 2233 admetus
793 2176 831 2233 ad
842 2194 914 2245 oras,

166 2278 349 2357 Optavitque
359 2276 457 2335 locum
469 2294 569 2353 reguo.
589 2276 730 2344 Nondum
740 2275 837 2349 Ilium,
848 2287 883 2337 et
895 2297 973 2337 arces

172 2382 334 2458 Pergameae
347 2378 494 2437 steterant:
515 2377 687 2437 habitabant
697 2378 820 2438 vallibus
831 2379 905 2442 itnia

172 2484 252 2543 Hinc
265 2490 365 2551 mater,
385 2481 492 2540 cultrix
512 2481 640 2558 Cybelae,
659 2482 894 2560 Corybantiaque
906 2503 972 2557 aera,

173 2587 340 2663 Idaeumque
353 2603 472 2643 nemus:
494 2583 563 2642 hinc
576 2583 634 2642 fida
646 2584 758 2642 filentia
770 2585 865 2656 sacris,

174 2691 209 2749 Et
218 2687 314 2768 janui
327 2706 445 2747 currum
458 2686 584 2746 domium
596 2686 708 2745 subiere
721 2687 825 2747 leonea.

173 2791 249 2869 Ergo
263 2789 350 2868 agite,
362 2798 402 2860 et,
413 2789 511 2848 divom
522 2789 633 2846 ducunt
646 2789 703 2865 qui
712 2788 794 2866 julla,
805 2789 971 2867 sequamur:

173 2896 320 2953 Placemus
332 2902 442 2961 ventos,
461 2900 492 2949 et
504 2892 609 2950 Gnosaa
621 2910 709 2968 regna
721 2901 862 2969 petamus.

165 2998 239 3057 Nec
252 2998 341 3073 longo
354 2995 458 3053 distant
470 2994 571 3053 cursu:
593 2995 679 3051 modo
692 2994 827 3073 Juppiter
839 2996 921 3066 adut,

173 3101 277 3159 Tertia
285 3100 337 3157 lux
350 3096 464 3156 claffem
477 3096 596 3155 Cretaeis¹
609 3095 684 3155 filiet
692 3096 804 3156 in'oris.

174 3204 220 3262 Sic
233 3204 321 3273 fatus,
341 3199 457 3258 meritos
468 3199 524 3258 aria
536 3198 673 3257 mediavit
684 3198 820 3273 honorem

174 3308 305 3365 Taurum
319 3304 468 3380 Neptuno,
487 3310 603 3361 taurum
616 3301 679 3371 tibi,
699 3303 820 3380 pulcher
832 3307 953 3383 Apollo;

170 3410 295 3487 Nigram
301 3405 405 3465 Hiemi
412 3406 571 3485 pecudem,
580 3405 730 3488 Zephyris
735 3407 1001 3469 ielie‘muaal‘uam.
