2250 4050
168 452 228 507 208
429 446 710 518 AENEIDOS,
863 439 938 504 muli

170 604 262 673 Urbe,
283 603 379 674 domo,
399 604 488 665 socias
499 631 507 679 3
528 619 623 685 grates
635 604 798 684 persolvere
811 602 902 682 digner
927 598 930 603 ’

171 708 241 765 Non
252 709 314 785 opis
324 709 364 766 est
374 710 483 780 nostrae,
495 711 588 769 Dido!
604 729 659 767 nec
666 707 812 786 quidquid
820 702 938 781 ubique

171 810 274 869 Gentis
288 811 452 882 Dardaniae,
466 828 608 891 magnum
620 832 687 889 quae
700 811 794 890 sparsa
806 814 856 888 p'er
866 809 938 867 orbor

171 913 213 972 Di
227 913 290 982 tibi,
311 914 331 971 ti
345 933 402 990 qua
414 915 476 993 pios
490 915 649 993 respeilant
661 914 794 986 numina,
815 910 910 989 fiquid

80 1072 82 1075 ,
172 1017 303 1093 Usquam
313 1016 423 1094 justitia
435 1018 485 1088 est,
504 1029 536 1077 et
547 1037 629 1076 mens
642 1017 696 1076 fibi
708 1017 823 1076 oonscio
834 1014 905 1082 roffi,

173 1119 293 1179 Praemia
306 1121 394 1197 digna
406 1121 511 1179 ferant.
543 1123 620 1180 Quae
634 1128 663 1179 te
676 1130 737 1178 tam
750 1120 817 1179 laeta
831 1118 938 1177 tulenu

173 1222 298 1279 Saecnla?
320 1223 371 1299 qui
384 1223 459 1282 tanti
473 1224 560 1282 telem
574 1242 701 1301 genuere
713 1224 859 1301 parentes?

173 1325 208 1382 In
223 1325 295 1383 freta
309 1326 379 1383 dum
391 1326 472 1384 fluvii
485 1336 612 1394 current,
626 1327 698 1385 dum
710 1327 857 1385 montibus
868 1321 938 1385 umbi]

175 1427 348 1486 Lustrabunt
359 1447 498 1498 convexa,
518 1429 601 1506 polus
614 1429 685 1487 dum
698 1428 788 1488 fidera
801 1427 932 1505 pascens:

175 1531 291 1608 Semper
304 1531 403 1602 honos,
424 1550 588 1608 nomenque
600 1541 693 1601 tuum,
713 1532 868 1608 laudesque
878 1538 938 1589 nur

135 1633 137 1637 ¹
254 1637 344 1706 bunt;

177 1735 254 1797 Quoe
266 1757 314 1797 me
326 1756 452 1814 cumque
462 1747 567 1797 vocant
577 1749 668 1798 terrae.
695 1739 741 1798 Sic
754 1741 841 1810 fatur,
852 1735 938 1797 amium

174 1843 285 1901 Ilionea
298 1842 372 1919 petit
384 1840 494 1912 dextri,
515 1842 645 1918 laevique
658 1842 813 1901 Serestum:

176 1945 241 2004 Post
249 1944 329 2012 alios,
341 1945 505 2020 fortemque
513 1944 608 2022 Gyan,
619 1945 786 2021 fortemque
794 1940 938 2005 cleanthen

217 2047 373 2124 Obstupuit
385 2047 479 2124 primo
491 2046 626 2124 adspeem
640 2047 755 2107 Sidonia
769 2049 856 2118 Dido,

177 2152 254 2210 Casu
267 2151 371 2209 deinde
383 2150 440 2208 viri
453 2160 547 2222 tant03
570 2161 600 2208 et
613 2150 651 2209 fic
663 2170 712 2209 ore
724 2151 822 2210 locuto
831 2150 883 2209 est:

180 2256 257 2315 Quis
271 2265 309 2325 te,
330 2262 398 2312 nate
411 2254 474 2321 dei,
493 2272 545 2330 per
558 2263 638 2311 tanta
652 2255 780 2331 pericula
792 2256 871 2313 casus

178 2359 360 2436 Insequitur?
382 2376 447 2434 qnae
459 2357 502 2416 vis
514 2358 680 2416 inmanibus
692 2359 819 2436 adplimt
830 2358 897 2416 oriri

179 2465 264 2521 Tune
277 2462 327 2520 iile
340 2461 459 2529 AEneas‚
479 2480 568 2536 quem
580 2461 730 2518 Dardanio
741 2460 876 2519 Anchise

180 2566 269 2625 Alma
277 2565 377 2622 Venus
391 2563 509 2640 Phrygii
523 2562 626 2640 genuit
640 2563 795 2621 Simoentis
808 2565 844 2622 ad
856 2559 938 2621 undum

181 2671 279 2745 Atque
292 2667 426 2742 equidem
439 2666 586 2723 Teucrum
598 2666 721 2726 memini
734 2666 840 2726 Sidona
852 2660 938 2727 veniit.

180 2774 300 2832 Finibus
313 2770 463 2847 expulsum
475 2768 585 2847 patriis,
606 2788 680 2827 nova
696 2787 785 2846 regna
798 2777 930 2847 petentur

181 2874 303 2936 Auxilio
316 2872 395 2932 Beli:
418 2872 532 2947 genitor
546 2881 610 2929 tum
623 2871 707 2929 Belus
719 2872 850 2949 opimam

181 2979 317 3037 Vastabat
330 2978 469 3053 Cyprum,
490 2984 520 3031 et
535 2973 624 3032 neor
636 2973 748 3033 ditione
762 2977 887 3035 tenebat.

181 3082 324 3158 Tempore
331 3078 393 3156 jam
406 3096 443 3134 ex
455 3076 507 3133 illo
520 3074 600 3134 casus
612 3076 685 3134 mihi
698 3078 833 3155 cognitus
845 3073 915 3136 urbis

181 3182 322 3260 Trojanae,
345 3198 506 3255 nomenque
519 3189 613 3247 tuum,
633 3197 772 3258 regesque
786 3178 900 3258 Pelasgi

183 3284 246 3362 Ipse
259 3284 344 3341 hostis
354 3283 480 3340 Teucros
492 3281 597 3357 infigni
610 3280 696 3340 lande
708 3283 829 3355 ferebat,

183 3388 276 3464 Seque
288 3396 385 3445 ortum
398 3384 701 3460 antiqniTeucrorum
714 3387 751 3445 ab
763 3386 848 3465 stirpe
859 3379 938 3446 valen
