2250 4050
435 439 643 490 NOTULAE.

136 597 202 643 quem
214 582 289 629 locum
301 582 415 631 infeliciter
424 585 515 632 vexabat
522 583 635 631 Heinsius.
659 583 738 646 Neque
747 579 839 629 sucoeffu
848 578 938 626 meliore

137 685 216 716 manus
229 671 369 719 immiserunt
378 674 420 720 viri
430 674 488 720 docti
499 674 523 719 in
534 673 625 730 Silium,
636 673 694 718 Pun.
704 671 737 717 iv.
756 682 808 730 3¹2·

266 754 343 822 Atque
354 757 399 808 inni
410 762 508 822 ‘longae'
521 761 630 823 trepidant
641 761 665 807 in
675 759 731 806 valle
741 755 871 819 ‘juvenem'

137 848 200 896 idem
213 847 302 896 inferitis
314 849 366 897 ibid.
376 865 423 896 ver.
438 850 492 911 37⁶·

268 969 540 987 ............
556 952 673 984 murmure
682 937 760 984 anbelo

267 1027 392 1088 squalentes
400 1042 489 1089 campos
498 1037 520 1073 et
531 1032 540 1057 ‘
548 1027 613 1086 longa
622 1025 729 1086 mapalia’
739 1023 858 1084 complent.

137 1118 217 1178 Neque
227 1132 340 1179 excerpere
350 1118 429 1180 pigebit
439 1118 558 1177 elegantem
569 1117 690 1162 clausulam
700 1130 726 1162 ex
738 1111 869 1160 Mamertini
878 1120 935 1170 grat.

137 1207 181 1252 aei.
204 1207 253 1270 Jul.
271 1205 320 1252 seu.
334 1223 356 1253 x.
388 1208 436 1253 Et‘
443 1206 485 1252 late
496 1204 638 1267 oemporum'
650 1203 731 1259 balatu,
746 1201 845 1258 hinnitu,
861 1204 934 1246 ‘mu-

135 1294 227 1354 gitibus'
245 1295 340 1356 persona.
372 1292 448 1352 Porro,
465 1294 515 1340 hinc
533 1291 612 1339 reclinis
628 1294 684 1351 legas
700 1290 858 1345 Claudianum,
874 1303 935 1336 cous.

135 1384 185 1429 Stil.
196 1384 230 1431 iii.
250 1384 303 1445 33⁶·

266 1505 441 1520 ........
457 1478 465 1504 ‘
473 1482 614 1532 armentaque
624 1470 699 1530 longa'·

265 1562 355 1608 Vastant
365 1561 500 1623 AEthiopum
509 1578 516 1606 ε

136 1648 211 1695 confer
227 1649 281 1695 AEn.
293 1649 310 1695 i.
335 1649 389 1697 186.
428 1649 541 1696 AEmulnri
557 1648 629 1695 voluit
646 1646 756 1694 Miltonus
772 1643 855 1690 noster:
882 1643 932 1690 Par.

137 1738 210 1784 amiss.
222 1737 262 1783 vii.
278 1737 335 1798 462.

267 1859 535 1874 ............
553 1826 611 1873 tbese
621 1826 643 1872 in
654 1825 723 1872 llocks

265 1917 380 1976 Pasturing
388 1926 411 1962 at
420 1931 482 1973 once,
498 1915 540 1961 and
549 1916 573 1961 in
584 1920 592 1946 ‘
600 1914 664 1961 broad
673 1914 746 1961 berdr’
756 1914 875 1977 upsprung·

169 2006 223 2052 Ver.
237 2017 289 2065 174.
317 2006 406 2054 Vellem
422 2004 485 2051 scribi.
500 2003 588 2061 ‘arten'
611 2011 636 2050 ut
651 2002 781 2062 ambiguum
801 2003 891 2060 vitetur,
911 2010 934 2049 et

136 2092 195 2140 reete
210 2096 391 2155 capiaturlocus:
410 2095 482 2139 i.e.“
494 2108 525 2139 ree
540 2103 563 2139 et
577 2103 633 2139 arten
642 2092 841 2154 antiquzlandie.”
873 2092 934 2139 Gra·
986 2127 989 2135 .

135 2183 180 2229 tius
191 2184 276 2247 Cyneg.
290 2196 342 2242 107.
357 2183 450 2243 gemello
460 2183 518 2229 loco:

266 2273 324 2331 Ergo
332 2272 395 2318 illurn
408 2271 485 2333 primis
494 2285 612 2317 nemorum
623 2270 662 2316 dea
672 2268 737 2315 finxit
747 2268 771 2314 in
780 2268 851 2325 annio,

264 2360 430 2422 Auctoremque
439 2361 497 2423 operi
507 2359 594 2418 dignata
604 2357 715 2405 inscribere
725 2372 814 2416 magno,

265 2449 329 2513 Jussrt
338 2450 396 2495 adire
406 2450 452 2495 suns
462 2458 485 2494 et
494 2448 584 2509 pandere
594 2447 693 2507 gentibus
703 2446 790 2493 ‘arten'

136 2539 228 2585 Tacitus
238 2538 310 2583 annal.
322 2538 353 2583 iii.
366 2552 402 2600 55.
421 2538 469 2583 Nec
480 2536 556 2582 omnia
566 2535 622 2596 apud
633 2535 713 2597 priores
723 2534 824 2591 meliora3
838 2533 873 2579 secl
883 2549 934 2581 noe·

132 2639 167 2674 tra
178 2643 264 2688 quoque
274 2637 325 2673 aetas
336 2627 407 2672 multa
416 2626 485 2673 laudis
497 2636 519 2671 et
530 2626 641 2671 ‘artium'
654 2624 759 2671 imitanda
769 2624 856 2685 posteris
865 2625 932 2671 tulit:

134 2717 151 2762 i.
163 2731 184 2761 e.
203 2716 284 2762 multas
294 2726 348 2761 artes
358 2715 485 2761 laudabiles:
502 2701 556 2760 ¹unm
568 2716 636 2771 locus,
652 2714 690 2775 qui
704 2710 776 2776 primi
790 2711 861 2760 fronte
872 2713 935 2760 vide-

134 2810 190 2851 atur'
200 2804 312 2861 adversari,
330 2802 421 2865 penitius
437 2804 543 2865 inspeilus
559 2803 761 2865 interpretationem
777 2804 873 2849 nostram
887 2803 933 2849 na·

135 2894 192 2939 bilit.
224 2893 302 2939 Paffim
314 2892 351 2938 sibi
363 2892 462 2955 proponit
474 2894 592 2938 Maronem
603 2891 771 2954 exprimendum
782 2891 881 2937 Tacitus.

168 2984 222 3029 Ver.
236 2994 290 3040 32².
327 2980 431 3042 Rescripfi
446 2982 522 3027 lo'cum
537 2978 670 3027 confidenter
684 2996 711 3027 ex
728 2976 817 3026 indubii
833 2978 932 3027 maxime

134 3066 267 3131 conjecluri.
301 3070 393 3116 ‘Prima
406 3068 485 3129 frigora
497 3068 610 3116 autumni’
628 3070 714 3116 suntad
729 3070 800 3131 ipsum
811 3068 881 3115 linem
891 3084 935 3115 au·

133 3158 220 3213 tumui,
240 3156 303 3218 longe
322 3159 368 3220 post
385 3161 393 3188 ‘
402 3159 533 3219 preteritum
553 3157 736 3217 aestatem,'ci1rn
754 3159 824 3205 bieme
843 3156 932 3206 tautum

134 3264 177 3294 non
191 3247 303 3309 inceperit.
338 3246 462 3308 Opportuni
476 3246 595 3293 obveniunt
605 3246 666 3295 nobie
676 3247 779 3296 ovidiani
790 3249 872 3305 versus,
888 3258 931 3295 art.

134 3351 179 3383 am.
191 3353 215 3383 n.
236 3348 289 3397 315.
