2250 4050
131 460 241 513 v.·202.
450 451 547 510 LIB.
588 450 628 508 II.
899 452 940 526 69

133 608 376 686 augustanum
391 608 502 686 gelidus
515 626 560 665 ros
574 607 657 665 nocte
670 614 801 684 reponet.

170 713 268 790 Nigra
281 714 343 771 sere
355 722 385 771 et
398 712 488 791 presso
500 711 619 789 pinguis
632 710 684 769 sub
697 730 813 769 vomere
826 719 911 781 terra,

134 817 170 873 Et
181 817 230 874 cui
239 827 323 894 putre
335 817 437 886 solum,
450 819 588 894 (namque
597 814 652 871 hoc
660 813 808 872 imitamur
817 815 936 888 arando)

134 919 263 996 Optuma
277 920 445 978 frumentis:
467 938 527 977 non
539 918 601 976 ullo
613 937 650 975 ex
663 937 777 994 aequore
791 936 889 976 cernes

135 1024 216 1081 Plura
230 1025 351 1082 domum
364 1024 452 1082 tardis
465 1022 601 1080 decedere
614 1021 736 1096 plaustra
743 1019 890 1098 juvencis:

136 1128 206 1195 Aut,
227 1128 305 1185 unde
318 1127 408 1185 iratus
422 1127 520 1184 silvam
533 1123 650 1182 devexit
663 1134 765 1192 arator,

137 1232 172 1287 Et
186 1249 304 1295 nemora
317 1231 421 1288 evertit
434 1230 540 1287 multos
553 1228 658 1304 ignava
671 1247 723 1304 per
736 1247 833 1298 annos,

136 1334 338 1410 Antiquusque
351 1335 450 1392 domos
463 1333 560 1392 avium
574 1350 642 1388 cum
656 1331 788 1407 stirpibus
800 1332 868 1390 imis

137 1437 233 1494 Eruit:
256 1437 315 1495 illae
327 1438 420 1495 altum
434 1437 509 1494 nidis
522 1439 631 1515 petiere
643 1440 767 1511 relictis,

137 1542 179 1597 At
190 1540 269 1598 rudis
282 1541 390 1599 enituit
402 1539 517 1616 inpulso
530 1561 645 1599 vomere
658 1561 785 1618 campus.
882 1566 885 1570 ·

137 1645 215 1702 Nam
224 1643 323 1721 jejuna
339 1644 458 1720 quidem
470 1644 567 1702 clivosr
580 1630 674 1722 glarea
689 1647 762 1703 ruris

137 1747 195 1804 Vix
208 1748 329 1805 humilis
342 1747 442 1824 apibus
455 1749 540 1806 casras
553 1767 704 1826 roremque
717 1749 875 1820 ministrat,

139 1852 174 1908 Et
187 1851 293 1928 tophus
306 1850 412 1918 scaber,
433 1861 463 1908 et
476 1850 567 1927 nigris
579 1853 663 1910 exesa
675 1853 818 1929 chelydris
844 1873 846 1877 ·

138 1957 234 2024 Creta,
255 1963 364 2032 negant
376 1953 448 2012 alios
461 1973 542 2032 aeque
555 1955 734 2033 serpentibus
747 1963 830 2033 agms

137 2059 262 2117 Dulcem
275 2059 350 2117 ferre
363 2059 472 2129 cibum,
491 2067 520 2117 et
534 2078 635 2118 curvas
648 2064 774 2137 praebere
785 2062 919 2119 latebras

140 2162 214 2219 Quae
229 2172 345 2219 tenuem
356 2163 473 2220 exhalat
484 2162 621 2221 nebulam
633 2164 786 2242 fumosque
798 2166 937 2236 volucris,

138 2266 174 2323 Et
190 2265 267 2323 bibit
289 2265 450 2333 humorem,
467 2276 505 2335 et,
523 2286 614 2342 quum
636 2268 709 2339 vult,
729 2288 766 2325 ex
779 2268 807 2325 se
820 2268 881 2344 ipsa
895 2287 939 2325 re-

215 2368 325 2439 mant,

141 2473 272 2548 Quaeque
284 2472 334 2530 suo
348 2472 433 2530 viridi
446 2472 556 2549 semper
570 2472 598 2529 se
611 2473 741 2551 gramine
753 2472 846 2544 vestit,

140 2575 202 2633 Nec
215 2575 309 2633 scabie
322 2585 352 2632 et
365 2575 435 2633 salsa
448 2576 529 2634 laedit
541 2576 673 2653 robigine
686 2578 804 2649 ferrum,

142 2679 192 2736 llla
206 2679 260 2736 tibi
273 2679 348 2737 laetis
360 2679 472 2736 intexet
485 2680 593 2737 vitibus
606 2680 698 2737 ulmos
703 2707 711 2751 3

142 2782 191 2839 Illa
205 2784 287 2841 ferax
300 2782 365 2840 oleo
377 2783 417 2839 est
423 2803 431 2854 ;
453 2783 533 2841 illam
546 2785 692 2859 experiere
705 2786 825 2856 colendo

143 2885 176 2942 Et
189 2886 306 2972 facilem
319 2886 424 2962 pecori,
445 2896 475 2943 et
489 2887 648 2963 patientem
661 2886 784 2945 vomeris
799 2887 874 2943 unci.

142 2988 240 3047 Talem
253 2989 332 3046 dives
345 2999 407 3047 arat
420 2991 528 3067 Capua,
549 3001 579 3047 et
591 2992 687 3049 vicina
698 2990 810 3049 Vesevo

144 3092 197 3150 Ora
207 3092 289 3169 jugo,
309 3101 340 3149 et
352 3093 449 3151 vacuis
462 3094 582 3152 Clanius
595 3114 653 3153 non
666 3115 763 3171 aequus
777 3094 901 3154 Acerris.

178 3196 275 3264 Nunc,
289 3214 347 3270 quo
358 3214 502 3271 quamque
514 3198 601 3254 modo
613 3196 696 3274 possis
705 3197 886 3274 cognoscere,
897 3196 940 3254 di-

254 3318 329 3357 cam.

149 3398 212 3459 llara
224 3402 324 3486 stau
335 3400 419 3481 supra
431 3424 546 3469 morem
560 3408 581 3469 s1
596 3408 699 3487 densa,
717 3392 875 3491 requiras,
