2250 4050
379 446 604 509 Eunoen
641 449 696 514 IX.

386 929 613 988 ECLOGA
651 931 705 991 IX.

456 1157 624 1210 MOERIS.

405 1355 548 1398 chmne.
570 1356 685 1398 noeuts.

471 1531 616 1571 cremus.

139 1608 221 1666 Quo
249 1617 288 1680 te,
310 1609 409 1682 Murri,
434 1613 536 1690 pedes?
570 1633 618 1686 an,
643 1631 701 1689 quo
722 1610 769 1672 via
795 1608 884 1680 ducit,
909 1609 942 1670 in
990 1663 992 1669 .

204 1756 210 1765 .
222 1715 343 1772 urbem?

159 1876 163 1881 .
487 1839 603 1882 umere.

141 1917 172 1976 Ο
185 1917 308 1996 Lycida,
328 1919 388 1981 vivi
399 1921 591 1997 pervenimus,
609 1923 719 1981 advena
730 1917 827 1990 nostri,

143 2021 238 2080 Quod
250 2042 411 2101 numquam
423 2024 508 2084 veriti
520 2024 626 2096 sumus,
645 2034 680 2086 ut
689 2022 824 2101 npoffeffor
836 2018 924 2101 agelli

142 2124 276 2194 Diceret,
295 2126 368 2183 Haec
381 2145 445 2184 mea
457 2126 537 2186 sunt:
558 2138 669 2187 veteres
682 2114 805 2203 migrate
818 2124 923 2183 coloni.

143 2226 237 2285 Nunc
249 2226 329 2296 viui,
349 2228 434 2287 niuis
447 2230 585 2306 quoniam
597 2231 666 2288 Fors
677 2226 773 2287 omnia
785 2228 886 2296 versat,

144 2329 210 2387 Hos
222 2311 268 2386 illi
284 2331 375 2407 (quod
387 2349 441 2390 nec
453 2334 527 2390 bene
540 2334 647 2405 vertat)
660 2331 805 2399 mittimus
818 2329 923 2389 haedos:

474 2453 620 2494 uncinis.

144 2536 236 2593 Certe
247 2534 383 2611 equidem
396 2537 551 2607 audieram,
565 2536 622 2613 qud
635 2535 664 2594 se
677 2535 834 2593 subducere
845 2533 933 2598 colles

145 2637 309 2714 Incipiunt,
329 2638 467 2715 mollique
475 2638 581 2716 jugum
595 2638 747 2696 demittere
760 2636 844 2707 clivo,

144 2740 249 2817 Usque
262 2741 299 2799 ad
311 2760 425 2816 aquam,
438 2750 469 2800 et
479 2749 598 2810 veteres,
606 2738 669 2817 jam
682 2739 772 2799 fratta
785 2739 945 2819 cucumim,

228 2843 320 2919 fagos,

144 2946 259 3006 Omnia
272 2944 446 3006 carminibus
458 2947 582 3007 vestrum
594 2946 712 3005 servaffe
725 2944 891 3007 Menalcan.

490 3067 608 3107 umus.

145 3152 300 3223 Audiens,
321 3160 352 3209 et
364 3152 443 3210 fama
455 3150 513 3210 fuit
520 3176 529 3223 ς
549 3150 599 3210 sed
611 3147 739 3208 carmina
752 3155 867 3213 tantum

143 3255 254 3316 Nostra
266 3254 372 3323 valent,
386 3254 505 3331 Lycida,
518 3253 576 3311 tela
589 3253 665 3312 inter
677 3251 795 3324 Martia,
807 3259 948 3328 quantum

145 3357 295 3420 chaonia
306 3357 420 3433 dicunt,
440 3355 536 3435 aquili
547 3356 692 3429 veniente,
712 3355 869 3416 columbas.

539 3477 559 3523 D
