2250 4050
235 449 296 511 aas
497 445 778 533 mnsrnos,
932 451 1030 504 vasa

238 606 306 664 Pars
318 603 447 662 Heleno:
470 603 521 680 qui
533 603 678 663 Chaonios
690 602 867 680 cognomine
880 619 999 677 campos,

239 706 457 782 Chaoniamque
470 726 587 765 omnem
597 704 724 784 Trojano
736 726 754 764 a
764 705 887 764 Chaone
899 702 972 761 dixit
976 726 985 773 3

239 810 442 885 Pergamaque,
455 808 628 885 Iliacamque
636 806 715 885 jugis
728 808 805 867 hanc
814 806 929 866 addidit
937 822 1028 864 arcem

233 911 295 970 -Sed
309 910 364 969 tibi
376 910 427 986 qui
440 910 555 969 cursum
567 909 657 982 venti,
677 929 743 986 quae
753 909 826 979 sata,-
839 909 961 967 dedere?

239 1014 304 1071 Aut
316 1014 449 1088 quisnam
462 1013 597 1090 ignarum
609 1012 708 1070 nostris
721 1013 792 1070 deus
804 1011 918 1088 adpulit
930 1008 996 1068 oris?

240 1114 324 1172 Ouid
337 1133 407 1190 puer
419 1113 574 1186 Ascanius,
595 1114 754 1191 superatne,
774 1122 806 1172 et
818 1113 944 1174 vescitur
954 1109 1027 1170 arui?

242 1218 342 1274 Quem
356 1217 411 1275 tibi
419 1215 481 1294 jam
492 1216 580 1294 ija
599 1220 618 1256 *
634 1220 653 1257 ὕ
669 1221 688 1258 ³*
703 1220 723 1258 ὓ

241 1319 342 1394 Ecqua
356 1328 453 1377 tamen
466 1320 608 1396 pueroest
620 1318 726 1377 amissa,
738 1338 807 1377 cura
819 1319 963 1396 parentis?

242 1421 355 1498 Ecquid
368 1421 399 1480 in
414 1421 564 1498 antiquam
576 1421 723 1491 virtutem,
742 1420 911 1497 animosque
923 1417 1014 1488 virilis

243 1524 283 1582 Et
294 1532 376 1601 pater
387 1524 505 1592 AEneas,
524 1533 554 1581 et
567 1524 724 1582 avunculus
736 1524 845 1582 excitat
858 1524 980 1583 Hosius?

280 1626 365 1684 Talia
377 1626 517 1684 fundebat
529 1625 689 1696 lacrimans,
708 1626 868 1703 longosque
880 1627 973 1684 ciebat

242 1726 385 1790 Incassum
397 1728 495 1800 fletus,
517 1748 609 1805 quum
620 1728 679 1787 sese
691 1748 708 1786 a
720 1728 866 1787 moenibus
877 1728 959 1786 beros

243 1829 398 1889 Priamides
410 1831 510 1888 multis
523 1831 653 1890 Helenus
665 1830 869 1890 comitantibus
883 1831 982 1897 adfert,

244 1931 462 2009 adgnoscitque
473 1931 546 2003 suos,
566 1933 705 2009 laetusque
717 1934 754 1992 ad
765 1933 870 1993 limina
882 1933 970 2004 ducit,

244 2034 284 2092 Et
297 2035 413 2094 vultum
425 2035 551 2094 lacrimis
563 2038 649 2095 verba
661 2036 739 2095 iuter
751 2036 863 2115 lingula
875 2038 979 2097 fundit.

245 2138 380 2208 Procedo,
399 2148 429 2196 et
441 2158 558 2216 parvam
570 2139 696 2217 Trojam,
711 2141 903 2219 ssmulataque
914 2139 1014 2218 maguis

244 2242 390 2317 Pergama,
409 2250 441 2301 et
453 2252 582 2301 arentem
594 2243 705 2302 Xanthi
717 2246 894 2321 cognomine
906 2248 993 2305 rivum

245 2342 410 2420 Adgnosco,
432 2346 574 2420 Scaeaeque
588 2346 743 2423 ampledior
754 2347 858 2406 limina
870 2360 966 2427 portae.

246 2445 311 2503 Nec
324 2464 383 2505 non
395 2456 425 2505 et
436 2447 542 2505 Teucri
554 2447 630 2505 socia
643 2448 726 2505 simul
738 2451 811 2508 urbe
822 2451 967 2510 fruuntur.

246 2547 314 2605 Illos
326 2548 483 2625 porticibus
494 2568 546 2608 rex
558 2550 719 2628 adcipiebat
730 2550 763 2608 in
775 2553 896 2631 amplis:
960 2597 964 2605 .
988 2600 990 2605 .

245 2650 338 2709 Aulai
350 2651 383 2708 in
394 2652 490 2710 medio
502 2652 633 2710 libabant
642 2654 746 2729 pocula
758 2654 878 2727 Bacchi,

247 2751 380 2829 Inpositis
394 2772 463 2811 auro
476 2753 605 2830 dapibus,
624 2764 792 2831 paterasque
805 2760 954 2816 tenebant.

287 2857 411 2932 Jamque
425 2856 494 2926 dies,
514 2857 643 2932 alterque
658 2856 727 2927 dies,
747 2860 898 2935 procedit,
919 2868 949 2918 et
960 2873 1023 2917 aum

247 2959 322 3017 Vela
335 2971 452 3030 vocant,
475 2960 644 3037 tumidoque
659 2960 778 3020 inflatur
790 2965 924 3024 carbasus
936 2964 1023 3023 austra

248 3060 304 3118 His
317 3070 414 3120 vatem
426 3062 577 3138 adgredior
588 3063 679 3132 distis,
699 3083 732 3122 ac
747 3065 817 3123 talia
828 3067 939 3143 quaeso:

247 3161 422 3240 Trojugena,
442 3164 583 3242 interpres
596 3166 703 3248 divom,
723 3166 775 3243 qui
788 3169 912 3229 numina
923 3165 1020 3234 Phoebi,

248 3263 311 3329 Qui
327 3266 460 3343 tripodas,
481 3266 572 3325 Clarii
583 3268 687 3337 lauros,
707 3270 759 3346 qui
773 3272 865 3331 fidera
878 3273 973 3348 smus,

245 3370 286 3431 Et
299 3370 458 3433 volucrum
467 3370 599 3449 linguas,
616 3379 648 3428 et
656 3374 1023 3452 qmqehsora'mpem
