2250 4050
172 468 231 555 ras
404 462 736 539 osoaorcon,
888 469 971 529 tu:

170 624 299 702 Regibus
310 619 423 685 inoeffit
434 645 541 704 magno
554 627 695 686 discordia
708 637 804 699 motu,
864 646 868 652 ·

169 728 379 805 Continuoque
392 730 503 788 animos
514 729 603 807 volgi,
623 739 654 789 et
670 730 850 808 trepidantia
863 731 932 789 bello

170 831 274 900 Corda,
294 830 363 890 licet
375 832 462 909 longe
473 833 662 910 praesciscere:
685 852 814 910 namque
827 831 949 893 morantis

170 931 295 996 Martius
308 934 358 993 ille
371 936 434 994 aeris
446 937 524 994 rauci
538 955 625 994 canor
635 936 778 1014 increpat,
798 948 829 996 et
842 958 898 997 vox

171 1037 308 1108 Auditur,
329 1038 433 1096 fratros
444 1037 551 1097 sonitus
564 1038 677 1098 imitata
692 1040 851 1113 tuburum,¹

169 1140 250 1198 Turn
263 1140 381 1218 trepidae
390 1141 467 1199 inter
476 1141 504 1199 se
516 1144 630 1211 coeunt,
643 1142 806 1219 pennisque
816 1142 955 1208 coruscant,

171 1242 343 1320 Spiculaque
355 1255 501 1303 exacuunt
513 1245 614 1316 rosiris,
635 1253 796 1322 aptantque
807 1247 927 1311 lacertos,

171 1346 210 1404 Et
223 1346 298 1404 circa
311 1365 418 1424 regern,
438 1356 525 1424 atque
537 1347 598 1425 ipsa
610 1350 646 1406 ad
659 1349 802 1426 praetoria,
823 1349 911 1407 dense

171 1449 342 1521 Miscentur,
365 1451 534 1528 magnisque
547 1459 652 1509 vocant
664 1451 840 1511 clamoribus
851 1447 953 1519 hostem)

170 1555 257 1631 Ergo,
265 1593 269 1600 -
278 1553 330 1613 ubi
342 1572 396 1612 ver·
404 1555 494 1613 nauae
506 1554 609 1613 sudum
622 1572 797 1631 camposque
809 1553 931 1632 patentis,

170 1658 335 1735 Erumpunt
347 1658 450 1734 portis3
472 1658 652 1715 concurritur
663 1657 771 1717 aethere
783 1659 815 1715 in
829 1658 898 1729 alt03

171 1760 219 1820 Fit
228 1761 338 1818 sonitus
343 1785 352 1832 3
368 1779 506 1838 magnum
515 1760 616 1818 mistae
624 1761 822 1836 glomerantur
829 1761 954 1823 inorben

173 1863 391 1940 Praecipitesque
404 1864 520 1922 cadunt.
557 1864 627 1922 Non
640 1863 753 1922 denfior
765 1867 831 1924 aire
845 1862 946 1943 grando,

172 1967 238 2027 Nec
252 1968 287 2024 de
300 1966 434 2024 conculli
447 1976 561 2024 tantum
574 1966 648 2044 pluit
661 1965 728 2027 ilice
740 1969 864 2044 glandis.

173 2071 229 2147 lpsr
242 2088 293 2147 per
305 2070 411 2128 medias
425 2070 509 2138 acies,
529 2070 690 2147 infignibus
702 2071 764 2142 alis,

171 2167 302 2249 Ingentis
316 2172 426 2230 animos
439 2172 557 2249 angusto
569 2172 728 2251 in-pebtore
740 2176 867 2249 versant5

172 2275 273 2352 Usque
283 2277 353 2334 adeo
362 2276 464 2334 obnixi
474 2295 532 2333 non
544 2277 653 2347 cedere,
665 2278 735 2335 dum
747 2279 842 2355 gravis
852 2276 953 2340 authu

172 2380 236 2437 Ant
249 2379 300 2437 hos
313 2378 391 2437 versa
404 2379 474 2455 fuga
487 2378 578 2437 vittor
590 2379 657 2437 dare
671 2388 751 2457 terga
764 2380 888 2460 subegit.

173 2483 217 2540 Hi
230 2496 324 2541 motus
337 2483 510 2551 animorum,
526 2493 613 2559 atque
626 2482 688 2540 haec
701 2486 858 2543 certamina
870 2491 944 2547 canu.

173 2585 301 2644 Pulveris
314 2585 414 2662 exigui
422 2584 501 2662 jabin
513 2585 667 2663 conpressa,
689 2587 847 2663 quiescent.

212 2690 331 2760 Verum,
352 2688 403 2746 nbi
417 2689 545 2747 tutiores
558 2689 621 2746 acie
633 2692 813 2751 revocaveris
825 2695 912 2759 ambo,

173 2793 307 2851 Deterior
318 2793 368 2867 qni
381 2791 465 2863 visus,
486 2810 564 2861 eum,
584 2812 621 2850 ne
633 2791 769 2871 prodigus
782 2797 865 2867 obfit,

172 2897 255 2954 Dede
268 2895 346 2965 neei3
368 2894 471 2952 melior
482 2895 572 2952 vacue
585 2895 644 2953 srne
656 2909 758 2974 regnet
772 2899 804 2956 in
818 2900 891 2962 auli.

173 2975 257 3058 Alter
269 2998 325 3057 erit
337 2996 466 3068 maculis,
487 3016 555 3055 auro
568 2997 775 3074 squalentibus,
795 3004 894 3061 ardens
901 3026 909 3073 ς

173 3103 253 3161 Nam
266 3103 323 3159 du'o
336 3100 403 3157 sunt
414 3119 531 3177 genera:
554 3100 603 3158 hic
616 3102 727 3171 melior,
739 3103 860 3183 infignis
872 3115 899 3165 et
909 3090 959 3164 ora

173 3206 211 3263 Et
224 3203 318 3261 rutilis
331 3204 421 3261 clarus
436 3202 575 3279 squamis3
597 3204 648 3262 ille
661 3204 794 3265 horridus
805 3211 877 3268 alter

172 3306 297 3375 Desidia,
317 3306 462 3382 latamque
469 3306 591 3364 trahens
604 3308 744 3385 inglorius
753 3311 863 3372 alvum.

173 3412 217 3473 Ut
229 3411 308 3471 binae
319 3430 424 3489 regum
435 3410 533 3483 facies,
553 3411 593 3471 ita
607 3431 724 3491 corpora
736 3416 846 3494 plebis:
883 3457 888 3463 .
