2250 4050
234 424 303 518 2³0²
498 461 775 536 sumnus,
925 467 1015 531 esso.

232 615 385 674 Mutemus
396 615 512 694 clipeos,
532 621 726 697 Danaumque
741 618 866 698 infignia
879 611 956 678 nobis

232 717 393 793 Aptemus:
416 722 509 791 dolus,
523 742 558 781 an
569 724 668 794 virtus,
681 725 746 801 quis
759 724 791 782 in
804 725 884 782 hoste
895 719 1013 798 requirat?

233 821 326 878 Arma
339 823 449 882 dabunt
461 825 522 901 ipfi.
564 827 611 885 Sic
623 828 710 897 fatus,
730 828 837 887 deinde
850 834 997 886 comantem

234 925 384 1002 Androgei
398 928 519 1004 galeam,
539 930 683 1008 clipeique
695 933 810 1009 intigne
823 933 960 996 decorum,

233 1027 385 1099 Induitur;
406 1029 546 1107 laterique
558 1033 702 1111 Argivum
715 1035 917 1092 adcommodat
927 1029 1012 1088 ensenr·

234 1130 301 1188 Hoc
315 1130 451 1208 Rhipeus,
465 1133 520 1192 hoc
533 1135 594 1211 ipse
607 1137 726 1212 Dymas,
740 1135 893 1212 omnisque
902 1132 1012 1211 juventu

234 1233 314 1289 Laeta
327 1232 413 1291 facit:
436 1234 532 1312 spoliis
545 1237 573 1294 se
586 1237 708 1314 quisque
721 1238 885 1296 recentibus
896 1242 984 1294 armat.

232 1334 373 1393 Vadimus
385 1336 506 1395 inmixti
519 1339 626 1398 Danais
638 1329 717 1398 haud
730 1341 852 1397 numine
865 1338 960 1405 nostro,

233 1422 392 1514 Mtdtaque
401 1458 454 1516 per
465 1459 572 1499 caecam
585 1442 722 1518 congreffi
737 1442 838 1519 proelia
851 1442 958 1500 nouem

233 1541 431 1599 conserimus:
454 1543 561 1601 multos
575 1545 711 1602 Danaum
724 1544 904 1602 demittimus
915 1543 986 1600 Orco.

233 1643 405 1721 Diffirgiunt
418 1644 468 1702 alii
481 1647 517 1703 ad
530 1646 620 1715 navis,
640 1656 671 1705 et
684 1647 768 1704 litora
781 1647 867 1704 cursu

221 1745 305 1804 ‚Flda
317 1755 433 1822 petunt:
455 1766 520 1824 pars
532 1748 683 1826 ingentem
696 1749 851 1807 formidine
864 1747 937 1826 turpi

233 1849 380 1907 Scanduut
391 1850 485 1908 rursus
493 1869 611 1926 equum,
624 1862 654 1909 et
665 1852 733 1909 noti
743 1853 907 1908 conduntur
915 1851 943 1908 in
952 1848 1005 1906 alvo

232 1952 301 2011 Heu
315 1953 388 2010 nihil
401 1953 499 2012 invitis
513 1955 555 2011 fas
567 1944 745 2032 quemquam
758 1947 847 2012 fidere
860 1944 946 2012 divisi¹

267 2037 365 2115 ⁴liccel
388 2058 554 2117 trahebatur
565 2057 658 2134 pallis,
671 2058 812 2116 Priameia
824 2059 915 2135 virgo,

231 2162 368 2221 Crinibus
381 2181 397 2219 a
411 2162 519 2238 templo
533 2160 687 2218 Cassandra
700 2160 852 2237 adytisque
863 2161 993 2221 Miseno

230 2268 281 2325 Ad
293 2266 399 2324 coelum
412 2264 532 2321 tendens
546 2262 673 2321 ardentia
686 2262 799 2320 lumina
811 2255 925 2321 frustras

229 2370 368 2439 Lumina;
391 2386 459 2425 nam
471 2375 582 2423 teneras
595 2366 729 2423 arcebant
741 2365 857 2423 vincula
874 2366 980 2442 palmas.

229 2472 298 2529 Non
314 2471 382 2529 tulit
394 2470 470 2527 hanc
483 2468 605 2545 speciem
620 2468 726 2525 fisciatb
739 2454 839 2527 mente
852 2469 986 2533 Coroebus‚

129 2631 132 2636 .
228 2565 266 2632 Et
279 2574 338 2631 sese
350 2572 479 2631 modium
492 2568 593 2647 injecit
605 2568 748 2647 periturus
760 2570 792 2627 in
806 2590 919 2648 agmen.

227 2675 439 2753 Consequimur
451 2672 558 2742 cunffi,
577 2676 608 2731 'et
620 2672 712 2730 dentis
724 2672 899 2732 incurrimus
911 2669 990 2732 annis.

226 2780 287 2838 Hic
299 2779 426 2857 primum
439 2796 476 2835 ex
489 2776 548 2835 alto
560 2775 673 2834 delubri
686 2774 895 2839 eulminetells

227 2883 397 2940 Nostrorum
411 2879 571 2947 obruimur,
586 2878 735 2954 oriturque
748 2878 908 2937 miserrima
919 2874 994 2935 cedd

227 2987 383 3043 Armorum
398 2982 482 3050 facie,
502 2991 532 3040 et
545 2980 698 3039 Graiarum
710 2996 804 3039 errore
814 2980 953 3058 jubarum.

225 3088 304 3150 Tum
315 3086 419 3153 Danai,
440 3084 551 3162 gemitu
563 3091 652 3159 atque
663 3087 769 3159 erepte
781 3084 902 3161 virginis
913 3082 961 3150 ira,

221 3188 363 3264 Undique
377 3186 670 3266 conlettiinvadunt:
693 3186 851 3244 acerrimus
864 3173 946 3264 Ajax,

218 3291 260 3361 it
270 3290 384 3368 gemini
397 3290 519 3359 Atridae,
533 3276 738 3365 Dolopumque
748 3290 892 3348 exercitus
903 3283 985 3349 omn'!

220 3392 342 3455 Adverti
355 3401 441 3469 rupto
453 3411 508 3451 ceu
520 3392 668 3469 quondam
681 3390 800 3453 turbine
811 3392 892 3453 venti
1000 3415 1002 3420 ’
