2250 4050
168 459 230 525 206
437 454 716 534 AENEIDOS,
861 456 915 520 rib

170 621 233 679 Rex
247 627 308 678 erat
320 619 430 680 AEneas
444 621 535 691 nobis,
556 641 615 698 quo
623 621 726 700 justior
738 620 818 689 alter,

80 753 82 758 v
170 724 236 782 Nec
248 723 355 801 pietate
368 724 435 795 suit,
455 742 509 784 nec
521 725 598 783 bello
611 723 711 802 major,
731 732 763 782 et
776 721 870 782 armis:

172 826 271 884 Quem
285 825 305 883 s1
319 826 378 885 sata
391 827 487 885 virum
500 825 621 895 servant,
642 828 663 885 fi
678 825 802 886 vescitur
813 823 877 884 suri

170 920 316 999 AEtherii,
329 948 423 1006 neque
434 930 529 988 adbuc
539 930 704 989 crudelibus
717 932 839 989 occubat
849 925 915 986 umbt

172 1033 242 1092 Non
255 1042 358 1101 metus,
378 1032 525 1091 officione
538 1042 568 1091 te
579 1032 698 1091 certasse
711 1032 837 1110 priorem

172 1136 323 1194 Poeniteat.
364 1136 436 1193 Sunt
449 1144 479 1194 et
493 1135 595 1194 Siculis
605 1135 774 1212 regionibus
785 1136 875 1202 urbes,

173 1241 318 1314 Arvaque,
337 1236 521 1316 Troianoque
534 1258 549 1297 a
564 1236 704 1315 sanguine
717 1238 810 1296 clarus
822 1233 915 1296 noests

175 1341 343 1400 Quassatam
355 1340 457 1409 ventis,
476 1342 563 1400 liceat
576 1340 732 1399 subducere
745 1341 866 1409 classem,

174 1445 213 1504 Et
225 1444 299 1503 silvis
313 1454 409 1522 aptare
422 1447 524 1515 trabes,
545 1454 576 1503 et
590 1443 726 1521 stringere
738 1462 840 1502 remos.

176 1549 205 1608 Si
219 1549 303 1607 datur
315 1547 439 1617 ltaliam,
459 1547 541 1606 sociis
554 1556 585 1605 et
597 1566 665 1624 rege
677 1556 803 1625 recepto,

174 1651 316 1719 Tendere,
330 1659 363 1708 ut
376 1650 491 1708 Italiam
502 1650 561 1708 laeti
575 1650 750 1736 Latiumque
763 1658 897 1728 petamus:

177 1755 227 1813 Sin
240 1754 369 1813 absumta
388 1753 470 1823 salus,
491 1763 520 1810 et
534 1761 572 1822 te,
592 1762 674 1830 pater
691 1763 811 1830 optume
822 1742 915 1810 Teucri

176 1860 281 1917 Pontus
295 1858 382 1916 habet
397 1857 505 1935 Libyae,
527 1875 581 1916 nec
594 1857 655 1935 spes
661 1856 724 1934 jam
737 1858 822 1916 restat
834 1853 897 1926 lulis

176 1965 220 2019 At
233 1962 307 2019 freta
321 1960 442 2019 Sicaniae
455 1959 565 2029 saltem,
585 1960 721 2038 sedesque
733 1969 852 2039 paratas,

178 2066 265 2124 Unde
278 2065 335 2123 huc
349 2064 468 2133 advetii,
489 2082 646 2141 regemque
658 2073 790 2141 petamus
802 2063 915 2123 Acesten·

216 2166 337 2227 Talibus
350 2165 491 2225 Ilioneus:
514 2166 612 2224 cundi
628 2166 712 2226 simul
724 2186 774 2227 ore
787 2167 915 2226 fremebu

177 2271 359 2330 Dardanidae.

216 2377 295 2433 Tum
306 2374 430 2432 breviter
441 2373 529 2444 Dido,
545 2375 657 2433 voltum
670 2374 797 2445 demissa,
816 2373 915 2453 profatu

125 2491 129 2498 '
178 2477 284 2537 Solvite
297 2478 382 2535 corde
395 2487 516 2548 metum,
530 2476 651 2549 Teucri;
674 2477 812 2536 secludite
824 2492 904 2535 curas·

179 2581 234 2639 Res
248 2583 318 2639 dura
330 2591 360 2639 et
373 2580 456 2658 regni
470 2578 581 2638 novitas
593 2599 641 2638 me
656 2580 723 2639 talia
736 2590 845 2658 cogunt

179 2684 290 2755 Moliri,
312 2693 340 2742 et
354 2684 411 2742 late
424 2683 490 2741 finis
503 2683 618 2741 custode
631 2683 716 2741 tueri.

180 2788 256 2846 Quis
269 2805 360 2864 genus
372 2786 549 2855 AEneadum‚
562 2786 628 2862 quis
641 2784 737 2862 Trojae
750 2784 856 2844 nesciat
865 2780 915 2841 urb*

178 2890 376 2966 virtutesque,
391 2889 532 2965 virosque,
553 2899 603 2946 aut
617 2889 690 2947 tanti
704 2888 836 2947 incendia
849 2882 915 2947 belli?

179 2993 248 3051 Non
261 2992 361 3050 obtusa
375 2992 446 3050 adeo
459 2991 600 3068 gestamus
613 2991 726 3068 pectora
741 2991 830 3062 Poeni,

178 3094 244 3153 Nec
259 3105 317 3153 tam
331 3093 443 3153 aversus
456 3112 544 3169 equos
556 3093 646 3170 Tyrii
660 3094 706 3151 Sol
715 3092 816 3171 jungit
829 3094 864 3151 ab
877 3086 915 3149 uri

179 3198 234 3255 Seu
247 3216 296 3255 vos
309 3195 479 3273 Hesperiam
492 3213 630 3272 magnam
644 3196 833 3273 Saturniaque
844 3210 909 3260 ans,

175 3298 243 3360 Sive
256 3298 358 3379 Erycis
370 3298 438 3358 finis
449 3315 606 3375 regemque
618 3299 724 3374 optatis
738 3300 873 3368 Acestem

166 3406 302 3470 Auxilio
318 3414 401 3468 tutos
413 3400 580 3471 diuitum>
596 3398 878 3475 “nimum'fflffi·
