2250 4050
129 483 157 523 v.
170 470 224 531 44:
434 463 489 523 m
501 465 535 522 B.
549 508 553 515 .
565 462 632 522 ΠΙ.
657 461 672 514 ἒ
876 463 943 529 249
956 486 960 495 “

133 618 211 678 Heul
235 620 306 696 fuge
319 621 442 680 cmdelis
455 631 552 692 terras,
574 622 644 697 fuge
657 618 727 676 litus
741 614 868 676 avarum.

133 724 211 781 Nam
226 723 381 800 Polydorus
392 743 456 801 ego.
496 725 554 782 Hic
568 723 717 781 confixum
730 721 821 779 ferrea
834 719 909 777 texit

133 827 274 884 Telorum
287 825 374 904 seges,
394 837 424 884 et
432 825 536 904 jaculis
548 825 672 884 increvit
683 823 783 883 acutis.

134 931 211 987 Tum
224 948 302 998 vero,
322 929 443 1006 ancipiti
456 939 585 986 mentem
598 927 752 986 formidine
764 925 880 1004 pressus,

134 1032 289 1108 Obstupui,
297 1033 491 1108 steteruntque
499 1051 598 1099 comae,
607 1040 699 1089 etvox
707 1029 839 1088 faucibus
846 1027 936 1086 harlit

171 1137 263 1194 Hunc
284 1135 457 1212 Polydorum
477 1133 704 1211 auriquondam
723 1152 792 1192 cum
811 1130 963 1210 pondere,-

251 1242 357 1314 magno

135 1341 243 1399 Infelix
256 1341 384 1399 Priamus
396 1341 500 1400 furtim
513 1343 662 1400 mandarat
675 1341 811 1399 alendum
828 1368 836 1392 τ-
936 1391 939 1396 .

134 1444 272 1504 Threicio
285 1443 361 1520 regi;
382 1463 475 1520 quum
483 1443 544 1522 jam
557 1445 702 1503 diffideret
714 1444 800 1502 armis

135 1546 299 1614 Dardaniae,
319 1546 456 1624 cingique
469 1550 571 1605 urbem
584 1547 731 1607 obfidione
743 1547 876 1606 videret·
935 1597 938 1601 .

136 1651 197 1720 Ille,
218 1661 253 1708 ut
266 1669 333 1726 opes
350 1651 446 1708 fractae
458 1651 616 1720 Teucrum,
636 1661 666 1708 et
678 1652 804 1709 Fortuna
819 1649 939 1719 recellit,
949 1673 965 1712 ·,
1028 1703 1031 1706 ,

136 1755 190 1813 lies
203 1753 450 1830 Agamemnonias
463 1753 649 1830 vidriciaque
663 1773 742 1813 arma
755 1754 878 1824 secutus,
932 1761 934 1764 ’

135 1857 186 1916 Fas
198 1875 286 1915 omne
297 1856 457 1933 abrumpit:
474 1857 648 1934 Polydorum
655 1860 820 1927 obtmncat,
830 1868 860 1915 et
870 1876 940 1915 auro

137 1963 174 2021 Vi
187 1961 307 2040 potitur.
348 1960 431 2019 Ouid
444 1979 503 2019 non
517 1961 649 2020 mortalia
662 1962 777 2040 pectora
790 1961 880 2041 cogis,
931 1965 938 1978 ‘

139 2067 211 2126 Auri
227 2066 305 2123 sacra
318 2064 421 2123 famesl
458 2065 608 2141 Postquam
620 2084 712 2141 pavor
723 2064 780 2124 offa
792 2066 921 2142 reliquit,

138 2169 271 2227 Delectos
282 2167 382 2245 populi
392 2168 428 2225 ad
438 2186 574 2244 proceres,
586 2167 772 2245 primumque
781 2178 940 2246 parentem,

138 2272 267 2331 Monstra
280 2271 368 2328 deum
381 2270 488 2341 refero;
510 2279 548 2339 et,
560 2289 625 2346 quae
637 2270 672 2328 fit
678 2270 832 2340 sententia,
845 2272 941 2350 posco}
957 2304 959 2307 ·

139 2376 284 2437 Omnibus
296 2372 373 2431 idern
386 2374 498 2431 animus
511 2372 646 2431 scelerata
659 2375 795 2433 excedere
808 2375 883 2433 terri
890 2400 899 2447 3
926 2427 930 2432 .

139 2478 247 2555 Linqui
268 2476 413 2555 pollutum
427 2475 595 2552 hospitium,
615 2486 645 2533 et
660 2477 727 2535 dare
742 2478 872 2536 clallrbus
890 2498 946 2538 aus

218 2582 296 2639 stros.

139 2686 214 2762 Ergo
227 2683 415 2759 instauramus
428 2681 568 2758 Polydoro
580 2683 678 2752 funus,
698 2691 728 2741 et
741 2683 844 2762 ingens
871 2717 873 2721 ·
930 2718 934 2729 .

139 2787 299 2865 Adgeritur
313 2785 425 2843 tumulo
439 2784 539 2842 tellus:
561 2785 635 2843 stant
648 2786 785 2845 Manibus
798 2808 862 2858 arae,

140 2890 278 2951 Caeruleis
291 2889 393 2947 maesta:
406 2887 494 2955 vittis,
516 2887 633 2965 atraque
646 2891 790 2966 cupreff05

141 2996 176 3054 Et
190 2995 303 3054 circum
316 2992 429 3061 Iliades,
450 2991 560 3048 crinem
573 2993 609 3049 de
622 3012 702 3050 more
714 2993 823 3053 solutae.

141 3099 296 3158 Inferimus
310 3094 407 3171 tepido
421 3092 581 3170 spumantia
595 3096 710 3171 cymbia
723 3096 805 3166 lade,
894 3104 897 3109 ’

143 3200 296 3280 Sanguinis
305 3207 337 3255 et
351 3195 421 3270 sacri
433 3206 558 3274 pateras,
580 3198 763 3275 animamque
775 3201 903 3279 sepulcro
928 3227 933 3235 ·

142 3304 311 3371 condimus,
332 3299 480 3375 etmagnd
493 3300 657 3377 supremum
670 3320 739 3360 voce
751 3302 874 3363 ciemus.
906 3357 908 3360 ,
936 3353 938 3357 .

175 3407 257 3478 Inde,
279 3403 330 3474 ubi
341 3403 439 3483 prima
452 3402 526 3475 fides
539 3404 659 3487 pelago,
670 3406 858 3488 placataque
863 3406 970 3466 uenis·
