2250 4050
435 438 643 489 NOTUL‘AE.

138 577 623 644 imiet‘clarissirni'conspediu‘nominin'
656 578 849 629 Necdilfimulem
864 571 940 622 tamin
986 580 991 586 ’

138 669 232 716 Probum
241 670 369 718 Falconiam
380 671 403 718 in
413 682 504 719 centone
511 671 645 731 virgiliano,
656 676 701 715 verL
713 670 752 715 60.
762 667 875 727 vulgatam
885 679 940 711 con·

138 757 235 816 firmare,
251 759 279 806 ab
295 756 374 806 ultimi
389 759 470 808 scilicit
487 761 616 822 antiquitate
630 758 779 820 depravatam.
819 753 939 810 Miltonus,

138 847 185 893 Par.
195 847 271 894 amils.
289 849 320 896 iv.
338 861 377 910 33.
395 849 421 894 de
433 849 500 895 ‘Sole
509 848 525 895 ε’

266 969 490 985 ..........
506 936 554 983 like
566 937 617 983 ‘the
628 934 692 982 God'

264 1023 302 1073 Of
310 1026 353 1073 this
363 1042 411 1072 new
423 1026 497 1073 world.

137 1113 274 1173 Frigetcurn
288 1115 403 1161 ‘lumina’
418 1115 529 1177 epitheton
545 1117 553 1144 ‘
561 1112 694 1160 christinae
727 1112 775 1158 Hor
788 1117 852 1158 vocat
863 1107 939 1156 ‘luci-

136 1201 203 1248 dum’
214 1204 264 1249 coeli
277 1204 367 1249 ‘docus’
378 1204 401 1249 in
411 1204 509 1250 carmine
520 1202 608 1249 seculari
618 1203 716 1248 Flaccus.

149 1311 151 1314 ⁴
166 1292 222 1339 Ver.
234 1304 257 1350 7.
284 1292 337 1338 Non
346 1291 446 1340 audiendi
457 1293 506 1338 sunt
515 1291 557 1338 viri
568 1289 686 1348 clarissimi,
695 1289 732 1351 qul
744 1288 851 1336 Liberum
862 1297 884 1334 et
891 1288 937 1336 Ce-

135 1395 207 1427 rerem
222 1381 248 1425 ad
262 1381 402 1442 praecedentia
413 1381 526 1438 reducunt,
540 1379 665 1435 Schutzius,
677 1378 788 1440 Heynius,
800 1377 938 1433 Brunckrus,

134 1479 156 1515 et
167 1470 279 1530 Bryantus
289 1470 378 1524 nostras,
389 1468 491 1531 quicquid
499 1468 610 1515 obnitatur
619 1467 753 1524 Macrobius,
765 1467 812 1514 Sat.
820 1467 836 1512 i.
848 1463 885 1512 16.
899 1464 935 1512 18.

135 1567 156 1604 et
163 1570 209 1616 μ.
227 1557 265 1620 qui
276 1557 314 1604 fibi
330 1557 368 1619 ipsi
380 1556 454 1604 minus
464 1558 555 1604 conflat.
588 1557 661 1603 Adeas
672 1556 796 1617 Apuleium
807 1555 833 1600 de
842 1554 882 1601 deo
893 1555 937 1600 So·

135 1647 208 1703 eratis,
224 1646 272 1692 sub.
284 1646 357 1703 initi03
373 1645 516 1706 eujustextus
525 1645 615 1692 lectioni
633 1644 710 1691 nollrae‘
725 1644 856 1701 adversatur,
871 1658 937 1703 argu·

136 1745 240 1782 mentum
251 1733 323 1791 favet3
340 1746 365 1781 ut
376 1735 417 1780 hoc
427 1732 496 1781 obiret
505 1737 625 1794 attingam:
643 1749 696 1780 mor
707 1733 774 1780 etiam
785 1733 833 1779 brec
845 1733 936 1779 ‘claris-

136 1823 190 1871 fima
201 1823 312 1882 numina,’
320 1824 380 1887 quali
387 1826 462 1871 volens
472 1825 616 1888 interpretari,
626 1824 728 1871 nominat
737 1829 745 1854 ‘
755 1825 860 1872 radiantes
869 1823 935 1870 done!

137 1914 140 1919 ⁴
167 1913 254 1959 Primae
269 1923 346 1972 agunt,
361 1921 388 1958 ut
398 1911 538 1959 manifestum
553 1913 593 1971 est,
609 1912 632 1958 in
648 1911 791 1972 agricolarum
808 1912 871 1960 rebus
884 1913 936 1960 coeli

114 1992 116 1996 Α
136 1981 211 2059 bdeia,
232 2011 255 2049 et
275 1999 407 2064 potitiimbrn
424 2000 516 2064 majora,
538 2016 588 2063 quae
604 1999 678 2048 fovent
693 2001 783 2060 omnia3
806 1997 891 2060 deludi,
906 2001 936 2049 ob

136 2092 238 2137 mxima
255 2090 356 2137 beneficia
372 2090 396 2137 in
411 2101 555 2137 communem
572 2091 642 2137 viram
659 2106 696 2151 per
711 2089 784 2150 fruges
799 2091 898 2138 inventas
912 2100 935 2138 et

134 2181 215 2227 vinum
226 2180 352 2243 importata,
368 2179 468 2225 secundas
478 2180 545 2226 Ceres
553 2188 576 2225 et
588 2179 685 2225 Bacchus
696 2178 733 2225 libi
743 2180 863 2227 vindicant.

166 2270 220 2317 Ver.
231 2281 270 2326 27.
297 2268 457 2328 Elegantiorem
469 2267 567 2324 adhibui,
583 2261 610 2313 ni
623 2265 695 2325 fallor,
710 2267 879 2316 dillindlionem.
912 2270 936 2316 Is

137 2358 244 2405 ‘audior’
257 2354 334 2404 latine
343 2356 414 2403 ditius
423 2356 463 2414 est,
478 2363 544 2419 quem
556 2355 677 2417 sequimur,
692 2365 719 2402 ut
733 2356 823 2403 ducem·
855 2358 935 2406 Cicero

135 2445 161 2493 a'd
172 2446 287 2501 Atticum,
303 2444 352 2493 viii.
369 2458 392 2492 2.
425 2447 476 2491 Aut
486 2444 614 2507 locupletior
625 2443 681 2491 mihi
693 2443 719 2490 iit
728 2444 857 2507 quaerenrlut
866 2449 934 2495 ‘aum

135 2535 183 2582 t'or'
194 2532 263 2597 quim
274 2535 377 2582 Socrates.
409 2532 512 2589 Ovidius,
529 2548 600 2581 amor.
610 2532 644 2579 iil.
663 2545 700 2582 ro.
712 2544 749 2593 35.

263 2622 331 2679 Diva,
342 2626 432 2683 ‘potens
442 2620 547 2681 frugurm’
565 2620 623 2668 rilvis
632 2620 721 2670 cellabat
730 2622 754 2668 in
764 2622 822 2677 altit,

137 2713 176 2759 Sed
186 2728 232 2759 rem
244 2712 300 2758 secat
310 2710 426 2765 Manilius,
442 2710 541 2756 nostrum
552 2710 661 2766 imitatus,
677 2710 692 2756 i.
703 2709 760 2769 446.

263 2800 336 2847 Caesar
347 2808 405 2844 nun'e
416 2797 511 2854 ‘terris‚'
528 2798 574 2860 post
584 2797 673 2854 ‘coelo,'
689 2798 801 2852 maximus
813 2799 922 2847 ‘audior'

166 2891 220 2938 Ver.
233 2900 271 2951 35.
297 2887 422 2947 Elegantior
439 2887 486 2937 haec
503 2885 569 2936 ledlio
582 2886 621 2943 est,
637 2901 705 2948 quarn
723 2888 842 2950 ‘relinquit
850 2888 867 2936 ε’
882 2888 932 2940 vide

136 2980 229 3026 nostram
239 2978 295 3027 Silv.
305 2976 363 3023 Crit.
375 2976 390 3021 i.
407 2991 445 3037 pp.
461 2973 498 3021 16.
514 2987 549 3028 ¹7·

165 3069 218 3116 Ver.
232 3080 285 3114 rco.
313 3064 415 3120 Ovidius,
430 3064 487 3110 Fast.
500 3063 515 3109 i.
533 3061 587 3125 695.

262 3160 270 3186 ‘
281 3154 330 3200 Hoc
341 3168 380 3212 ego
390 3167 429 3214 pro
438 3151 507 3207 vobis,
522 3151 564 3197 hoc
574 3166 613 3197 voe
626 3152 734 3213 ‘optate,’
749 3152 829 3200 coloni.

165 3246 217 3292 Vera
232 3257 286 3291 102.
312 3242 379 3288 Hune
389 3240 489 3287 ordinem
501 3238 615 3290 verborum
632 3240 677 3298 dat,
693 3242 770 3287 nostris
782 3243 870 3292 auribus
880 3241 930 3291 rant

137 3334 267 3393 moliorem,
278 3329 449 3382 vetustinum
458 3329 579 3390 exemplar,
590 3330 649 3393 typis
662 3340 785 3389 exaratum,
801 3346 866 3397 penes
875 3347 929 3381 raet
