2250 4050
230 468 289 522 110
465 460 801 534 GEORGICON,
932 466 1021 524 ΗΜ

228 619 376 680 Cresceret
386 616 419 677 in
429 629 559 681 ventrem
573 621 717 691 cucumim
732 639 788 679 nec
801 620 863 679 sera
876 629 1018 679 comantem

229 720 403 790 Narciffum,
423 732 475 780 aut
486 722 557 781 flexi
572 722 718 782 tacuissem
730 722 830 782 vimen
845 723 964 794 acanthi,

229 823 422 900 Pallentisque
434 826 541 896 ederae,
561 837 592 884 et
605 826 728 884 amantis
740 826 828 884 litora
841 836 953 904 myrtos,

269 928 406 1006 Namque
422 928 475 987 sub
485 929 615 991 OEhaliae
628 929 750 988 memini
762 950 813 988 me
825 931 947 988 turribus
957 925 1010 994 alth,

231 1030 300 1089 Qua
313 1031 397 1108 niger
410 1030 555 1091 humectat
568 1031 703 1090 flaventia
717 1032 796 1091 culta
810 1033 942 1101 Galaesus,

231 1133 389 1211 Corycium
401 1134 501 1192 vidiffe
514 1133 621 1203 senem,
640 1134 688 1192 cui
701 1154 794 1212 pauca
807 1136 901 1195 neliffi
987 1166 989 1171 s

230 1236 338 1314 Jugera
351 1235 424 1294 ruric
436 1247 532 1308 erant3
554 1256 608 1294 nec
620 1236 723 1295 fertilis
736 1237 787 1296 illa
796 1237 934 1317 juvencis,

229 1339 263 1398 N
263 1359 296 1398 ec
306 1339 402 1417 pecori
415 1349 574 1417 opportuna
585 1339 672 1417 seges,
686 1359 740 1398 nec
750 1343 903 1401 commoda
912 1338 1005 1400 Baccho

230 1443 291 1502 Hic
303 1462 399 1501 rarum
412 1452 508 1501 tamen
522 1442 553 1501 in
568 1443 662 1500 dumis
674 1444 747 1512 olus,
760 1445 884 1523 albaque
894 1445 986 1504 circum

230 1545 315 1615 Lilia,
327 1547 520 1622 verbenasque
532 1564 674 1622 premens,
686 1546 863 1625 vescumque
874 1562 989 1626 papaver,

230 1650 346 1728 Regum
359 1651 490 1725 aequabat
503 1668 570 1726 opes
585 1647 703 1720 animis;
727 1648 845 1728 serique
858 1661 986 1710 revertens

230 1753 325 1812 Nocte
337 1754 456 1810 domum
468 1752 589 1828 dapibus
602 1751 712 1809 mensas
724 1756 865 1812 onerabat
876 1751 987 1813 inemtie
1003 1772 1006 1779 ⁴

230 1856 341 1917 Primus
350 1874 415 1913 vere
427 1853 528 1923 rosam,
540 1865 627 1930 atque
638 1855 794 1914 auctumno
805 1876 920 1936 carpere
928 1869 1005 1934 pout?

230 1961 277 2032 Et,
299 1978 388 2038 quum
403 1958 488 2017 tristis
500 1957 595 2015 hiems
607 1957 768 2015 etiamnum
782 1959 891 2039 frigore
903 1961 962 2020 saxa

229 2065 396 2139 Rumperet‚
417 2073 447 2120 et
460 2061 566 2138 glucies
579 2060 676 2118 cursus
690 2061 818 2120 frenaret
830 2083 969 2142 aqrmrum,

228 2166 283 2224 llic
296 2184 408 2224 comam
422 2163 516 2222 mollis
525 2162 588 2240 jam
602 2164 739 2222 tondebat
752 2164 914 2242 hyacinthi,

229 2269 373 2327 AEstatem
384 2267 557 2344 increpitans
571 2265 662 2324 seram
675 2266 870 2346 zephyrosque
883 2264 1003 2330 morantis·

228 2374 306 2449 Ergo
318 2370 419 2449 apibus
432 2370 499 2428 setis
513 2368 601 2437 idem,
620 2379 707 2445 atque
720 2372 856 2431 examine
869 2375 963 2444 multo,
1043 2389 1044 2444 ξ

227 2478 339 2537 Primus
352 2476 506 2543 abundare,
527 2483 556 2531 et
569 2472 729 2550 spumantia
742 2494 845 2553 cogere
857 2478 948 2556 predia

228 2579 319 2638 Mella
334 2579 419 2637 favis:
441 2577 485 2637 illi
499 2577 578 2648 tiliae,
600 2587 687 2653 atque
699 2580 844 2640 uberrima
857 2583 953 2660 pinuae
1043 2599 1044 2644 1

229 2685 368 2760 Quotque
381 2683 413 2740 in
426 2683 496 2740 flore
509 2701 585 2739 novo
597 2681 691 2758 pomis
702 2682 732 2741 se
745 2683 850 2745 fertilis
862 2690 941 2748 arbos

227 2790 373 2856 Induerat,
394 2787 516 2845 totidem
529 2786 685 2845 auuumno
697 2794 943 2851 maturatenebat
976 2815 979 2820 ·

226 2894 281 2954 Ille
294 2893 382 2950 etiam
395 2891 468 2949 seras
480 2890 512 2948 in
525 2890 640 2948 versum
653 2891 763 2950 distulit
776 2893 881 2968 ulmos,
1004 2965 1006 2970 Ι

184 3058 187 3064 ,
207 3065 209 3069 ,
227 2999 410 3073 Edurnmque
423 2995 529 3073 pirum,
549 3003 581 3052 et
594 2994 689 3072 spinos
697 2994 759 3073 jam
772 3016 866 3075 pruna
880 2993 993 3064 ferentia

225 3104 348 3180 Jamque
356 3100 564 3158 ministrantem
572 3099 721 3175 platanum
730 3102 1005 3177 potantibuemnbrtt⁴

224 3205 336 3263 Verum
349 3203 410 3261 haec
423 3202 482 3280 ipse
495 3203 640 3279 equidem,
655 3203 753 3282 spatiis
764 3207 899 3267 exclusus
910 3202 1006 3285 iniqua

226 3310 373 3377 Proetcreo,
387 3316 474 3384 atquc
485 3307 547 3365 aliia
560 3308 621 3385 post
631 3326 679 3365 me
689 3313 876 3371 memoranda
887 3315 1006 3389 relinquo·

262 3412 295 3472 N
297 3430 352 3472 unc
364 3429 427 3491 age,
447 3421 561 3473 natiuae
571 3411 677 3490 apibus
688 3431 758 3491 quaa
770 3415 906 3497 Juppiter
915 3417 970 3500 ipse
