2250 4050
171 441 228 504 156
489 445 543 505 CI
557 447 584 505 R
597 446 612 504 I
625 446 654 504 δ’.
864 448 902 502 nu

169 598 322 661 Paullatim
336 602 523 663 tremebunda
536 603 618 681 genis
630 602 777 662 obducere
788 599 886 661 vestem

170 703 309 780 Virginis,
329 714 360 763 et
371 705 514 783 placidam
528 706 653 765 tenebris
665 715 783 782 captare
794 702 902 781 quietem

170 807 288 866 Inverso
301 807 434 868 biboium
446 809 623 885 restinguens
636 808 738 867 iumen
751 806 837 876 olivo,

171 908 292 986 incipit3
315 911 352 970 ad
363 913 475 970 crebros
486 910 581 971 insani
593 910 716 988 pauoris
729 910 802 970 ium

171 1012 255 1070 Ferre
269 1031 397 1082 manum,
417 1013 539 1073 adfiduis
550 1014 682 1073 mulcens
693 1008 902 1090 praeoordiapai

210 1115 336 1175 Nouem
347 1115 430 1175 illam
442 1116 479 1175 fic
490 1116 586 1175 maesta
596 1115 680 1192 super
690 1114 840 1175 morientis
852 1113 902 1174 alu

172 1218 333 1294 Frigidulos
346 1217 446 1277 cubito
459 1218 581 1279 subnixa
593 1218 734 1295 pependit
746 1217 859 1279 ocellos.
899 1224 901 1273 ζ

172 1320 282 1383 Postera
295 1320 351 1379 lux
361 1321 414 1380 ubi
426 1321 491 1380 laeta
505 1320 585 1381 diem
597 1320 767 1381 mortalibus
780 1322 890 1389 almum,

172 1423 210 1481 Et
223 1423 320 1500 gelido
331 1423 449 1481 veniens
462 1422 541 1482 mani
554 1422 704 1501 quatiebat
717 1426 755 1481 ab
768 1424 857 1495 OEta3

172 1525 274 1594 Quem
280 1524 393 1603 puvidae
403 1526 520 1587 alternis
530 1524 668 1603 fugitum,
679 1534 848 1604 optantque,
856 1539 902 1602 pne

171 1628 345 1705 Hesperium
356 1629 458 1700 vitant,
478 1636 581 1707 optant
590 1628 736 1689 ardesoere
745 1629 856 1700 Solum

172 1731 322 1808 Praeceptis
333 1740 415 1808 patet
426 1731 508 1808 virgo
519 1730 653 1801 nutricia,-
670 1739 702 1790 et
714 1730 811 1790 omnis

171 1834 311 1910 Undique
324 1833 469 1911 conquirit
480 1833 607 1895 nubendi
620 1832 718 1893 sedula
731 1832 848 1894 cauffm.

172 1939 335 1999 'demantur
345 1935 445 2014 patriae
458 1935 598 1998 numius
609 1935 730 2016 vocibus
742 1955 834 2007 aurea,

172 2042 395 2115 Laudenturque
407 2042 490 2098 bouae
502 2039 580 2116 pacis
593 2041 683 2110 bona3
704 2040 816 2101 multus
827 2038 902 2115 inopi

170 2141 301 2219 Virginis
315 2142 431 2201 insolito
443 2142 535 2202 sermo
546 2160 639 2201 novun
652 2142 772 2202 erratio
784 2161 843 2202 ore.

171 2246 394 2308 Nunc-tremere
402 2244 537 2321 instantia
551 2243 622 2304 belli
634 2244 794 2304 certamina
807 2243 882 2311 dicit,

171 2350 423 2423 Communemque
441 2348 541 2405 timere
557 2348 659 2415 deum;
681 2365 760 2405 nunc
773 2347 848 2423 regio
859 2363 902 2405 aro

173 2452 323 2528 (Namque
336 2450 397 2527 ipso
409 2449 499 2510 verim
512 2449 552 2509 est
564 2448 767 2510 orbari'maesta
779 2446 902 2527 parente)

171 2554 249 2611 Cum
262 2554 334 2629 Jove
347 2552 508 2613 communis
520 2551 571 2627 qui
585 2552 731 2627 quondam
747 2552 872 2612 habuere
883 2568 901 2612 n

146 2719 149 2726 ,
227 2669 231 2677 ’
251 2663 309 2727 teu
336 2671 339 2676 ’
369 2688 370 2691 “

172 2758 262 2819 Nunc
275 2758 363 2818 eriam
377 2757 499 2817 confidta
514 2757 581 2817 dolo
593 2755 743 2817 mendacia
757 2757 836 2835 teupi

144 2911 146 2916 .
171 2863 296 2933 Invenit,
317 2873 346 2922 et
360 2862 460 2920 divium
474 2869 560 2920 terret
574 2858 729 2920 formidine
742 2860 814 2919 civis
818 2886 828 2933 3

171 2967 261 3030 Nunc
273 2966 328 3025 aiio
341 2983 378 3023 ex
391 2963 463 3033 aliia,
484 2982 537 3021 nec
550 2962 662 3031 desunt,
682 2963 782 3022 omina
795 2961 901 3040 querit.

172 3070 255 3137 Quin
268 3068 356 3129 etiam
370 3068 458 3126 castos
470 3065 537 3126 ausa
549 3065 590 3124 est
603 3082 792 3143 conrumpere
803 3074 894 3126 vater

170 3171 224 3239 Ut,
244 3190 311 3229 cum
325 3169 394 3230 caesa
408 3169 457 3247 pio
469 3167 613 3227 cecidisset
625 3167 744 3226 vidiima
757 3169 844 3239 ferro,

170 3273 276 3342 Essent,
294 3273 347 3350 qui
360 3290 498 3350 generum
511 3270 614 3329 Minoa
627 3270 791 3330 auctoribus
803 3270 876 3334 extis

168 3376 305 3453 Jungere,
325 3384 355 3434 et
368 3374 506 3452 ancipites
518 3372 671 3432 suaderent
680 3372 785 3436 ¹tollere
797 3392 902 3455 pugnas
