2250 4050
129 482 159 522 v.
175 458 220 518 16.
374 453 601 513 ECLOGA
631 452 688 513 111.
903 465 926 526 9

440 630 614 670 nnnnncra.

132 711 216 770 Quid
228 713 338 771 domini
351 713 469 782 faciant,
489 716 596 773 audent
609 733 698 789 quum
711 711 779 772 talia
792 711 881 770 fures!

131 816 203 873 Non
216 834 270 891 ego
284 825 313 873 te
324 816 385 874 vidi
399 817 546 884 Damonis,
566 816 688 892 peffime,
707 833 825 890 caprum

132 917 272 994 Excipere
285 918 403 987 insidiis,
423 918 548 975 multum
560 919 681 975 latrante
695 916 829 992 Lycisca?

133 1022 181 1087 Et,
201 1039 292 1095 quum
305 1020 467 1089 clamarem,
489 1021 558 1077 Ouo
570 1039 648 1076 nunc
661 1019 689 1076 se
701 1015 822 1094 proripit
833 1016 897 1075 ille?

132 1123 245 1199 Tityre,
266 1140 337 1198 coge
348 1141 435 1199 pecus
440 1147 449 1193 3
472 1131 504 1179 tu
516 1121 578 1198 post
590 1120 698 1180 careda
710 1121 827 1178 latebas.

429 1267 430 1271 ,
452 1244 619 1282 nanm‘ras.

134 1329 184 1386 An
198 1327 272 1385 mihi
285 1329 427 1385 cantando
440 1327 530 1385 vidus
544 1347 603 1385 non
616 1329 743 1386 redderet
754 1327 812 1395 ille,

135 1431 236 1488 Quem
248 1448 312 1486 mea
325 1429 499 1487 carminibus
511 1429 656 1487 memiffet
668 1429 769 1497 fistula,
788 1432 921 1506 capmm?

136 1533 166 1591 Si
180 1532 280 1599 nescis,
300 1551 380 1589 meus
392 1531 442 1589 ille
455 1551 538 1607 caper
550 1532 622 1601 fuit3
645 1538 674 1589 et
686 1531 760 1589 mihi
772 1531 887 1590 Damon

136 1635 201 1712 Ipse
213 1635 356 1692 fatebatur
363 1657 372 1705 ;
393 1634 441 1691 sed
453 1635 568 1692 reddere
580 1633 657 1710 poffe
667 1634 802 1710 negabat.

140 1780 145 1791 .
447 1755 619 1794 nrnnncas.

138 1841 292 1900 Cantando
305 1849 336 1897 tu
350 1839 450 1896 illum?
471 1847 522 1896 aut
533 1858 671 1915 umquam
684 1838 739 1897 tibi
752 1838 843 1896 fistula
857 1839 920 1897 cera

137 1944 243 2023 juncia
256 1943 330 2007 fuit?
351 1942 421 2000 Non
434 1950 467 1998 tu
477 1941 508 1998 in
521 1941 622 2009 triviis,
634 1941 757 2010 indocl'e,
766 1941 872 2001 solebas

138 2045 276 2105 Suidenti
288 2044 423 2103 miserum
436 2044 535 2122 stipula
548 2044 706 2121 disperdere
719 2048 850 2104 carmen?

142 2189 145 2196 .
458 2147 623 2204 nanturra.

138 2252 191 2309 Vis
205 2269 283 2327 ergo,
296 2250 442 2317 internos,
455 2249 524 2324 qnid
535 2249 616 2325 poffit
629 2256 756 2325 uterque,
769 2251 889 2311 viciffim
926 2311 930 2317 ,

140 2354 344 2430 Experiamur?
380 2353 441 2427 Ego
451 2352 525 2409 hanc
538 2351 659 2411 vitulam
673 2356 723 2428 (ne
735 2353 808 2412 forte
820 2354 936 2424 recuses,
1018 2397 1023 2414 .

135 2457 189 2531 nis
203 2454 282 2514 venit
295 2455 331 2511 ad
343 2454 502 2524 muldram
515 2454 597 2511 binos
610 2454 661 2511 alit
672 2457 758 2513 ubere
772 2456 859 2531 fetus)
872 2465 876 2472 '
909 2512 912 2518 ,
926 2479 929 2489 ·

141 2561 277 2636 Depono:
299 2565 331 2613 tu
344 2556 400 2625 dic,
413 2575 527 2613 mecum
540 2567 598 2631 quo
609 2556 729 2633 pignore
741 2569 838 2618 certes.
926 2617 931 2625 ,

455 2677 629 2717 nanancas.

142 2768 187 2823 De
201 2782 288 2841 grege
302 2781 360 2820 non
374 2762 462 2819 ausim
475 2760 632 2836 quidquam
645 2763 785 2839 deponere
797 2775 910 2824 tecum:

143 2870 190 2928 Est
203 2866 277 2924 mihi
291 2883 414 2939 namque
428 2864 505 2920 domi
517 2873 606 2939 pater,
624 2864 664 2921 est
676 2864 777 2941 injusta
791 2887 929 2939 noverca5
1043 2935 1045 2940 Ι

143 2971 248 3045 Bisque
259 2968 307 3025 die
319 2975 470 3024 numerant
483 2967 569 3023 ambo
580 2984 675 3041 pecus,
689 2967 761 3024 alter
774 2977 804 3026 et
816 2969 920 3029 haedos.

144 3074 253 3129 Verum
266 3070 307 3136 id,
319 3069 396 3143 quod
407 3068 498 3125 multo
511 3076 575 3124 tute
587 3067 646 3143 ipse
657 3067 783 3127 fatebere
795 3069 895 3149 majus,

148 3172 289 3250 (Insanire
301 3169 373 3229 libet
386 3168 521 3245 quoniam
535 3168 603 3243 tibi)
617 3170 719 3247 pocula
731 3191 837 3247 ponam

147 3272 409 3354 Fagina‚-caelatum
422 3271 513 3331 divini
526 3290 596 3348 opus
608 3272 834 3336 Alcimedontis:
