2250 4050
173 450 229 509 uo
472 403 672 510 curris.
864 453 954 507 mro.-

170 606 318 664 Conruere
329 612 361 664 et
373 606 420 667 Sol
434 605 503 686 ipse,
522 617 554 666 et
566 606 654 668 sidera
666 604 932 672 eunaa'minanturs
947 606 950 654 ἶ

170 710 217 766 Ac
231 708 354 767 venitin
368 719 456 768 terras
467 710 535 769 ooeli
547 711 654 788 fragor.
694 709 765 779 Hic,
779 709 864 766 modo
875 707 949 772 lists»-

171 810 263 887 Copia
278 830 356 870 nunc
369 812 477 871 miseris
490 814 686 872 circumdatur
698 813 785 870 anxis
798 811 872 879 fatis,
887 812 889 816 ’

171 914 386 992 Inmoriturque
397 915 482 992 super
493 915 607 987 fluibus,
628 926 658 974 et
671 916 739 974 saxa
753 912 898 992 Capharei,
923 913 925 917 ’

170 1016 313 1076 Euboicas
324 1028 355 1075 st
367 1036 418 1096 per
430 1028 538 1086 cautes,
558 1020 723 1096 AEgaeaque
735 1020 794 1077 late
825 1018 827 1025 '

171 1119 283 1177 Litora:
306 1139 374 1178 cum
386 1122 519 1199 Phrygiae
529 1121 631 1199 paffim
643 1141 716 1198 vaga
728 1122 825 1198 praeda
836 1123 945 1198 perunte

170 1221 304 1280 Fissiituat
316 1223 409 1281 omnis
420 1224 452 1281 in
465 1243 596 1300 aequoteo
604 1223 667 1300 jam
679 1225 821 1301 naufraga
831 1223 917 1282 stass

185 1338 191 1371 1
209 1326 269 1383 Hic
281 1326 331 1384 alii
344 1327 449 1396 fidunt,
469 1327 572 1404 pariles
583 1325 701 1384 virtutis
713 1327 832 1395 honore,

170 1427 289 1497 Heroiis,
310 1429 468 1505 mediisque
481 1429 526 1488 fisi
539 1428 606 1486 sunt
618 1428 733 1517 sedipus
746 1448 858 1500 omnm

170 1531 276 1590 Omnis
289 1533 380 1589 Roma
393 1533 480 1590 decus
493 1532 593 1610 magni
606 1550 678 1608 quos
691 1531 811 1610 suscipit
821 1532 897 1615 orbis.

171 1635 231 1693 Hic
244 1635 335 1704 Fabii,
348 1635 490 1711 Deciiqus
497 1659 505 1707 ;
526 1635 577 1694 hic
589 1635 629 1692 est
641 1643 672 1692 et
684 1637 808 1694 Horatia
819 1636 908 1701 virtus
937 1668 940 1673 ·

171 1737 231 1795 Hic
244 1738 363 1796 etfama
376 1747 459 1796 vetus
472 1757 632 1815 numquam
645 1736 784 1797 moritura
798 1733 914 1801 Camillis

171 1841 289 1899 Curtius
301 1851 339 1911 et,
359 1841 463 1899 mediis
475 1860 562 1917 quem
576 1840 722 1916 quondam
734 1841 848 1900 sedibus
858 1835 920 1898 urbi!
931 1838 937 1877 ·.

170 1945 315 2002 Devotum
330 1944 414 2002 tellus
427 1943 582 2002 consumiit
594 1943 717 2020 gurgitis
728 1943 846 2002 haustu:

170 2048 288 2107 Mucius
301 2058 331 2105 et
343 2049 467 2125 prudens
479 2049 610 2106 ardorem
621 2065 739 2123 empore
752 2047 845 2124 passus

82 2205 85 2213 .
170 2151 324 2227 Legitime,
345 2152 423 2209 ceffit
436 2152 482 2208 cui
497 2151 585 2208 fresia
597 2150 728 2226 potentia
742 2151 840 2227 Regis.

168 2252 229 2311 Hic
241 2254 355 2321 Curius,
375 2255 458 2311 clarae
471 2252 563 2311 socius
576 2252 701 2323 virtutis,
721 2252 815 2311 stille

169 2356 337 2425 Flaminius,
357 2358 458 2414 devota
471 2356 551 2414 dedit
562 2356 612 2431 qui
626 2368 743 2431 corpora
757 2355 851 2415 famae.

169 2462 240 2537 Jure
251 2460 343 2535 igitur
354 2460 418 2517 talis
430 2459 508 2517 sedes
519 2458 635 2535 pietatis
647 2458 780 2516 honorat.

168 2564 234 2621 Illic
247 2563 442 2640 Scipiadaeque
455 2563 554 2631 duces3
576 2562 678 2619 devota
691 2560 846 2638 triumphis

168 2666 281 2724 Moenia
294 2684 365 2741 quos
377 2665 489 2741 rapidos
502 2664 619 2739 Libycae
632 2664 818 2740 Carthaginis
829 2662 930 2722 honest

172 2807 176 2812 -
208 2770 256 2827 llli
269 2769 354 2827 laude
367 2767 416 2826 sui
429 2768 560 2843 vigeant3
581 2785 637 2842 ego
649 2765 729 2825 Ditis
742 2787 845 2844 opacos

169 2874 266 2950 Cogor
278 2872 356 2929 adire
369 2870 456 2938 lacus,
469 2869 570 2926 viduos
582 2887 600 2925 a
612 2868 724 2927 lumine
737 2870 850 2942 Phoebi3

168 2976 324 3033 Et-vastum
333 2971 540 3049 Phlegethonta
548 2970 628 3048 patir
645 2989 714 3046 quo,
724 2967 939 3032 maximeMiws

170 3078 368 3138 Conseelerata
381 3074 429 3151 pis
440 3072 577 3132 discernis
590 3073 701 3149 singula
714 3074 791 3134 sede.

169 3180 247 3255 Ergo
255 3178 317 3255 jam
330 3176 453 3235 caussam
465 3176 573 3246 mortis,
588 3175 651 3252 jam
663 3175 760 3235 dicere
772 3178 847 3247 vitae,

168 3275 343 3339 Verberibus
356 3279 430 3337 saevo
442 3286 551 3354 cogunt
565 3280 601 3336 ab
609 3276 709 3354 judice
722 3281 816 3339 Poenae
822 3305 832 3353 3

168 3384 248 3442 Cum
259 3382 378 3445 mihitu
392 3379 530 3446 fisicsuffs
540 3379 622 3453 mali,
636 3398 689 3442 nec
696 3382 831 3443 conscius
842 3379 907 3444 adfii
930 3363 937 3411 ³
