2250 4050
169 469 211 528 50
405 460 739 533 GEORGICON,
863 459 948 522 ests

172 618 288 694 Semper
300 616 357 676 sole
370 620 483 689 rubens,
504 629 533 677 et
546 617 658 677 torrida
671 618 784 695 semper
794 618 832 676 ab
842 614 914 693 igni:

173 720 272 778 Quam
284 719 396 783 circum
407 729 544 779 extremae
555 720 657 779 dextri
669 721 800 797 laevique
812 719 950 782 tribuatus

172 822 301 881 Caerulel
314 822 406 900 glacie
418 832 569 892 concretae,
588 834 675 901 atque
687 823 830 881 imbribus
842 821 911 880 atris.

171 926 233 984 Has
245 925 320 984 inter
332 925 514 1002 mediamque
527 927 600 994 duae,
620 924 789 987 mortalibus
802 925 882 1001 aegris

172 1029 296 1089 Munere
309 1027 445 1085 concessae
457 1027 571 1086 divom:
593 1028 639 1088 via
653 1027 727 1086 seua
739 1047 794 1104 per
805 1030 907 1095 ambas,

171 1129 314 1205 Obliquus
326 1129 384 1206 qud
397 1129 425 1188 se
438 1130 584 1206 tignorum
597 1139 719 1191 verteret
731 1132 813 1190 ordo.

171 1233 301 1290 Mundus
313 1242 347 1290 ut
359 1233 396 1290 ad
407 1233 552 1309 Scythiam
563 1232 754 1311 Rhipaeasque
767 1220 870 1294 arduus
881 1226 938 1292 ard!

172 1334 336 1410 Consurgit,
357 1336 498 1412 premitur
510 1336 611 1412 Libyae
623 1337 747 1394 devexus
760 1335 793 1394 in
807 1335 924 1395 Austros.

171 1437 232 1497 Hic
245 1448 344 1496 vertex
355 1437 437 1497 nobis
449 1438 559 1514 semper
572 1437 702 1497 sublimis
708 1463 718 1509 3
739 1437 875 1505 atilium,
947 1436 951 1443 '

172 1541 230 1599 Sub
242 1539 372 1617 pedibus,
392 1542 463 1617 Styx
476 1551 536 1599 atra
548 1540 627 1599 videt
636 1541 797 1617 Manesque
808 1535 936 1619 profundi

171 1643 328 1701 Maxumus
341 1642 389 1700 hic
402 1643 480 1700 flexu
494 1643 603 1711 ssuuoso
615 1643 738 1701 elabitur
751 1644 866 1721 Anguis

172 1748 291 1809 Circum
302 1766 409 1825 perque
422 1747 500 1815 duas,
514 1747 546 1806 in
558 1767 668 1807 morem
680 1748 820 1820 fluminis,
832 1747 937 1812 mune

172 1850 274 1910 Arctos
287 1849 397 1909 Oceani
410 1849 566 1908 metuentis
578 1869 692 1926 aequore
703 1850 809 1927 tingui.
950 1848 952 1852 ’

172 1953 246 2021 Illic,
266 1961 300 2010 ut
312 1951 474 2029 perbibent,
494 1962 544 2013 sut
556 1952 724 2030 intempesta
737 1952 800 2011 filet
813 1972 870 2012 nox

172 2056 297 2133 Semper,
317 2066 347 2114 et
357 2056 474 2115 obtenti
487 2055 642 2116 densentur
654 2056 738 2115 nocte
751 2060 874 2115 tenebrae
881 2080 890 2128 3

171 2160 235 2218 Aut
247 2158 321 2214 redit
333 2178 349 2216 a
363 2159 444 2217 nobis
455 2160 581 2230 Aurora,
600 2158 734 2235 diemque
746 2160 872 2218 reducit:

172 2263 292 2338 Nosque
304 2261 356 2324 ubi
368 2262 477 2340 primus
489 2262 570 2339 equis
582 2262 686 2321 Oriens
699 2264 819 2322 adflavit
831 2260 936 2326 anhelis

171 2365 233 2423 Illis
246 2364 305 2424 sera
318 2367 422 2424 rubens
434 2365 569 2424 adcendit
579 2364 692 2424 lumina
703 2365 822 2441 Vesper.

171 2467 251 2525 Hinc
266 2469 443 2545 tempestates
455 2468 544 2526 dubio
556 2467 721 2545 praediscere
732 2467 806 2526 coelo

171 2565 327 2640 Possumus,
339 2571 408 2629 hinc
419 2570 568 2647 mellisque
580 2570 658 2628 diem
668 2578 839 2647 tempusque
848 2560 953 2629 serendis

171 2674 209 2729 Et
220 2674 334 2749 quando
346 2672 470 2731 infidum
482 2672 568 2730 remis
579 2672 716 2750 inpellere
731 2692 858 2731 marmor

171 2773 347 2846 Convenint3
369 2775 483 2851 quando
495 2784 619 2834 armatas
631 2775 773 2833 deducere
788 2775 892 2847 claffis3

172 2878 236 2936 Ant
247 2877 443 2954 tempestivam
454 2876 487 2934 in
499 2877 576 2935 filvis
587 2886 714 2936 evertere
726 2877 839 2954 pinum.

209 2982 274 3042 Nec
283 2980 384 3038 frustra
394 2980 540 3056 signorum
552 2978 648 3038 obitus
655 2978 837 3056 speculamur
846 2988 877 3039 et
885 2982 957 3037 ortus»

169 3082 417 3160 Temporibusque
427 3100 527 3159 parem
539 3081 654 3140 diversis
667 3091 790 3158 quatuor
802 3100 917 3141 annum.

169 3184 304 3261 Frigidus
315 3183 472 3260 agricolum
485 3184 506 3241 fi
520 3184 635 3260 quando
648 3183 781 3242 continet
792 3185 893 3254 imber,

170 3286 277 3356 Multa,
296 3287 392 3346 forent
404 3305 468 3363 quae
480 3305 549 3345 mox
562 3286 637 3345 coelo
649 3289 824 3364 properanda
838 3289 940 3352 serenos

170 3390 320 3455 Maturare
332 3389 428 3453 datur:
450 3389 554 3450 durum
565 3388 699 3466 procudit
711 3398 806 3452 arator
