2250 4050
242 445 302 499 224
503 439 784 512 AENEIDOS,
936 446 1030 502 um

237 595 360 663 Taurus,
379 603 410 653 et
421 595 561 654 incertam
572 598 693 655 excuffit
704 597 817 656 eervioe
829 596 960 656 securim.

238 701 283 756 At
294 699 404 775 gemini
415 699 497 775 lapsu
510 701 628 757 delubra
640 702 677 759 ad
689 700 801 759 summa
813 703 949 760 dracones

240 801 404 878 Effugiant,
424 802 561 879 saevaeque
572 814 676 880 petunt
687 804 847 863 Tritonidis
859 824 952 864 arcem
958 829 967 877 3

241 904 299 964 Sub
311 905 487 981 pedibusque
500 908 570 977 deae,
584 891 727 985 clipeique
736 907 789 965 sub
800 911 880 981 orbe,
894 915 1023 985 teguntur.

240 1009 319 1066 Tum
332 1027 398 1067 vero
411 1011 576 1068 trennefabta
589 1030 679 1070 novus
690 1029 743 1087 per
754 1012 869 1088 potiora
883 1011 987 1070 cunetis

241 1113 370 1170 lufinuat
382 1131 483 1190 paron
504 1123 534 1170 et
546 1113 638 1171 scelus
649 1115 812 1191 expendiffe
824 1126 986 1173 merentem.

242 1216 404 1273 Laocoonta
418 1216 524 1286 ferunt,
544 1218 656 1275 sacrorn
669 1218 719 1294 qui
731 1218 849 1295 cuspide
861 1221 947 1277 robur

241 1318 369 1387 Leserit,
386 1329 418 1376 et
431 1331 512 1397 tergo
524 1320 689 1379 sceleratam
701 1321 843 1379 intorserit
855 1321 969 1380 hallam

242 1422 417 1481 Ducendum
428 1425 465 1482 ad
482 1423 561 1482 sedes
575 1424 766 1493 fimulacrum‚
785 1426 947 1501 orandaque
962 1423 1021 1483 dim

242 1525 575 1586 Numinuoonclamant.
939 1540 941 1544 '
1046 1528 1047 1531 ’

280 1629 445 1688 Dividimus
457 1648 562 1699 muros,
581 1642 612 1689 et
623 1630 731 1689 moenia
745 1631 899 1719 pandimus
911 1630 990 1690 orbiu

241 1733 412 1810 Adcingunt
424 1752 523 1792 omnes
538 1735 627 1811 operi,
645 1735 822 1811 pedibusque
834 1746 959 1793 rotarum

241 1837 403 1915 subjiciunt
415 1838 517 1915 lapsus,
537 1846 568 1894 et
579 1839 696 1914 stuppea
706 1836 822 1895 vincula
834 1837 911 1895 oollo

240 1941 410 2002 Intendunt.
450 1939 568 1999 Scandit
579 1941 675 1999 fatalis
686 1940 821 1998 maehina
833 1960 937 2009 muros,

240 2044 309 2103 Feta
321 2046 415 2103 armis.
456 2046 539 2104 Pueri
551 2045 670 2116 circum,
689 2044 879 2121 innupmque
891 2044 994 2122 puelle,

239 2148 321 2206 Sacra
329 2159 445 2220 canunt,
454 2150 613 2225 funemque
621 2167 711 2207 manu
720 2148 890 2225 contingere
899 2148 1016 2225 gaudent.

236 2251 289 2309 Illa
302 2250 387 2320 subit,
405 2252 566 2328 mediaeque
579 2250 692 2310 minans
703 2250 842 2309 inlabitur
853 2250 929 2309 urbi.

277 2355 305 2413 Ο
314 2355 419 2432 patria!
433 2375 452 2413 ο
461 2356 566 2414 divum
575 2356 678 2413 domus
684 2354 786 2427 Ilium!
801 2364 830 2412 et
840 2355 946 2413 incluta
956 2348 1016 2411 bdlt

237 2459 349 2517 Moenia
362 2459 576 2517 Dardanidum!
596 2467 698 2533 quater
714 2458 775 2534 ipso
787 2458 819 2515 in
833 2458 933 2517 limine
942 2464 1014 2534 poti!

235 2562 375 2633 Substitit,
388 2574 475 2639 atque
487 2573 570 2620 utero
581 2561 707 2619 sonitum
717 2572 819 2637 quater
828 2580 906 2620 arma
918 2561 1011 2620 dedere·

236 2666 375 2724 lnstamus
387 2676 483 2724 tamen
496 2665 676 2735 inmemores,
696 2664 823 2739 omnique
834 2664 938 2736 furore,

236 2770 274 2827 Et
285 2770 441 2827 monstrum
454 2769 557 2826 infelix
569 2767 677 2826 sacrata
689 2768 810 2827 fidimus
822 2787 895 2831 arce.

273 2875 359 2931 'l'tmc
372 2873 460 2930 etiam
471 2872 538 2929 fatis
550 2870 641 2948 aperit
654 2871 808 2930 Caffandra
821 2872 927 2930 futuris

235 2977 304 3047 Ora,
324 2977 372 3034 dei
380 2974 456 3053 juisu
470 2995 528 3033 non
541 2979 681 3051 tunquam
692 2974 802 3033 credita
814 2975 940 3036 Teucria.

233 3076 296 3136 Nos
309 3078 426 3136 delubra
438 3078 525 3135 dedm
537 3077 640 3148 miseri,
660 3077 766 3153 quibus
778 3077 900 3137 ultimus
911 3074 972 3135 effer

231 3180 286 3237 Ille
298 3181 368 3248 dies,
388 3181 457 3238 festi
470 3180 598 3238 velamus
610 3179 712 3238 fronde
724 3197 775 3255 per
787 3180 898 3239 urbem.

232 3283 362 3340 Vertitur
375 3284 484 3342 interea
497 3283 614 3351 coelum,
633 3294 663 3340 et
674 3281 734 3341 ruit
751 3300 860 3343 oceano
872 3282 948 3351 Nox,

231 3384 382 3445 Involvens
394 3386 495 3446 umbri
507 3384 614 3463 magni
627 3393 797 3463 tetrumque,
816 3385 974 3463 1³ququ
