2250 4050
252 777 283 837 P.
311 772 537 835 VIRGILII
567 766 799 832 MARONIS

390 950 653 1033 CIRIS.

155 1484 218 1584 Eur
229 1548 283 1601 me,
302 1528 382 1588 vario
390 1527 531 1604 jadatum
541 1526 633 1586 laudis
646 1544 751 1593 amore,

154 1614 275 1708 lusuque
287 1642 440 1710 expertum
451 1633 561 1692 fallacis
574 1632 690 1711 praemia
703 1627 793 1705 vulgi,

153 1720 283 1812 Cecropius
297 1735 390 1794 suavis
400 1735 545 1812 exspirans
557 1735 686 1793 hortulus
699 1751 781 1792 auras

150 1817 268 1895 Fioantis
279 1837 366 1896 viridi
380 1838 493 1915 Sophiae
504 1837 694 1914 conpledtitur
705 1833 819 1905 umbri;

149 1921 217 1997 Num
227 1960 289 1999 mea
301 1934 410 2016 quaeret
420 1960 455 1999 eo
465 1941 587 2017 dignum
598 1939 650 1998 fibi
660 1956 786 2015 quaerere
796 1935 927 1994 carmen?

150 2025 233 2119 [auge
245 2045 324 2103 aliud
336 2044 470 2114 studium,
484 2054 572 2120 atque
585 2043 654 2103 alios
668 2041 796 2100 adcindia
809 2041 928 2110 labores,

148 2138 231 2205 Altius
242 2149 277 2206 ad
290 2147 390 2225 magni
403 2147 550 2206 subtendit
562 2147 649 2205 sidera
662 2144 773 2214 muudi,

147 2231 183 2300 Rs
191 2249 319 2323 placitum
331 2251 430 2327 paucis
442 2250 508 2308 ausa
521 2249 561 2307 est
574 2248 744 2307 adscendere
756 2246 874 2304 collem:

148 2334 207 2407 Nou
218 2362 312 2410 tamen
326 2352 455 2410 absistam
467 2360 595 2429 coeptum
606 2352 740 2411 detexere
750 2368 868 2407 munus:
930 2356 932 2360 '

149 2437 183 2504 111
190 2470 238 2527 quo
246 2453 311 2531 jure
323 2473 400 2512 meas
412 2454 526 2512 utinam
539 2452 712 2531 requiescere
723 2452 831 2523 Musas,

148 2538 185 2607 Εἰ
193 2554 284 2615 leviter
297 2557 435 2615 blandum
447 2556 533 2614 liceat
545 2558 687 2633 deponere
699 2572 821 2613 morem.

150 2646 226 2716 Quod
237 2659 425 2718 firnirificum
436 2660 565 2737 proferre
577 2660 673 2718 valent
685 2677 776 2735 genus
788 2676 887 2718 omnes

147 2741 391 2831 1idnficumsaecli,
410 2764 496 2820 modo
510 2763 543 2820 fit
557 2761 610 2820 tibi
623 2762 696 2820 velle
708 2760 812 2833 libido3

148 2847 179 2913 8ἱ
188 2880 226 2923 me
232 2866 292 2944 jam
305 2867 415 2926 summi
429 2865 573 2942 Sapientia
584 2876 789 2943 poneretarce,

150 2954 268 3028 Quatuor
280 2968 406 3045 antiquis
419 2988 484 3045 quae
502 2968 654 3026 heredibus
671 2967 711 3026 esi
724 2968 790 3025 data
803 2964 929 3025 consors:

149 3047 225 3127 Unde
235 3072 385 3130 hominurn
398 3089 505 3128 errores
517 3070 605 3148 longe
617 3070 731 3146 lateque
742 3088 793 3146 per
806 3072 906 3127 orbem

149 3149 294 3247 Ithpicere
305 3184 392 3250 atque
402 3172 519 3231 humilis
528 3172 636 3249 possem
646 3183 829 3231 contemnere
836 3190 930 3231 curas:

150 3250 211 3330 Non
221 3295 271 3356 ego
286 3277 415 3336 tetalem
427 3294 577 3335 venerarer
590 3293 707 3335 munere
720 3274 787 3346 tali3
