2250 4050
171 481 212 557 70
406 478 738 553 GEORGmON,
867 470 961 552 maz

172 639 274 700 Altera
289 637 440 697 frumentis
454 638 592 714 quoniam
605 639 695 708 favet,
715 638 808 696 altera
821 637 942 709 Baccho,

174 742 271 803 Densa
286 741 377 820 magis
391 742 499 813 Cereri,
519 741 656 801 rariiiima
669 761 791 818 quaeque
806 743 892 820 Lyae
899 767 908 814 ι

174 849 255 906 Ante
268 847 365 906 iocum
379 845 474 923 capies
487 846 587 917 oculis,
607 847 723 922 alteque
732 843 850 922 jubebis

173 952 210 1009 In
223 950 313 1008 solido
324 961 444 1026 puteum
457 949 582 1017 demitti,
603 968 778 1026 omnemque
792 966 910 1026 repones

173 1054 279 1113 Rursus
295 1054 427 1124 humum,
448 1040 613 1130 etpedibus
629 1052 754 1110 summas
771 1052 896 1128 aequabis
912 1067 958 1109 are·

252 1176 312 1215 nas.

174 1260 204 1319 Si
218 1261 349 1328 deerunt,
370 1278 474 1330 rarum,
495 1259 647 1338 pecorique
660 1269 690 1317 et
702 1259 811 1318 ritibus
825 1258 903 1319 almis

173 1363 290 1442 Aptius,
309 1366 382 1422 uber
394 1364 466 1421 erit:
487 1364 529 1421 srn
543 1363 573 1421 in
587 1362 637 1422 sua
650 1363 727 1440 posse
739 1366 889 1440 negabunt

173 1470 220 1527 lre
233 1469 304 1539 loca,
326 1477 356 1526 et
369 1467 513 1525 scrobibus
526 1466 669 1545 superabit
683 1476 757 1524 terra
771 1467 895 1544 repletis,

173 1571 279 1650 Spissus
293 1590 375 1649 ager3
398 1572 496 1648 glebas
509 1570 668 1629 constantis
681 1570 826 1647 crassaque
839 1581 915 1648 terga

174 1675 322 1753 Exspeda,
343 1683 373 1732 et
384 1673 485 1731 validis
499 1682 604 1732 terram
616 1671 765 1750 proscinde
773 1672 911 1751 juvencis.

214 1778 289 1838 Salsa
302 1789 400 1836 sutem
413 1778 506 1847 telius,
527 1787 557 1834 et
570 1796 635 1852 quae
647 1775 815 1852 perhibetur
828 1793 926 1845 amara,

174 1881 315 1959 Frugibus
328 1880 441 1951 infelix,
458 1883 504 1958 (ea
518 1899 572 1938 nee
584 1879 755 1938 mansuescit
768 1881 883 1950 arando,

173 1985 240 2046 Nec
253 1985 365 2044 Raccho
378 2003 477 2063 genus,
498 1993 549 2043 aut
561 1983 654 2062 pomis
666 1982 715 2042 sua
728 1983 847 2043 nomina
860 1976 949 2053 servat)

173 2090 246 2149 Tale
259 2089 339 2146 dabit
353 2088 509 2166 specimen:
532 2098 565 2145 tu
578 2087 661 2165 spisso
674 2088 783 2145 vimine
796 2089 902 2165 qualos,

173 2193 302 2268 Coiaque
314 2192 475 2267 prasiorum,
489 2191 607 2250 sumosrs
620 2191 718 2268 deripe
731 2190 815 2249 testis
820 2216 830 2262 3

173 2298 242 2355 Huc
256 2315 323 2373 ager
335 2296 384 2353 iile
397 2296 498 2366 maius,
519 2295 672 2371 dulcesque
684 2314 701 2352 a
714 2294 846 2353 fontibus
859 2292 944 2360 unde.

174 2401 224 2459 Ad
237 2400 357 2477 pienum
370 2399 530 2457 calcentur:
552 2418 625 2475 aqua
639 2398 812 2457 eiustabitur
822 2398 913 2457 omnis

175 2503 300 2574 Scilicet,
321 2513 351 2560 et
365 2502 486 2580 grandes
498 2502 584 2559 ibunt
595 2520 645 2579 per
657 2501 765 2559 vimina
778 2512 883 2579 guttae,

174 2608 218 2666 At
230 2605 312 2683 sapor
324 2605 466 2666 indicium
479 2606 576 2675 faciet,
596 2605 760 2663 manifestus
774 2615 804 2663 et
818 2625 867 2664 ora

175 2708 279 2778 Tristia
294 2718 459 2767 tentantum
471 2710 553 2768 sensu
568 2709 712 2786 torquebit
724 2728 846 2769 amaror.

214 2811 331 2889 Pinguis
343 2813 415 2870 item
428 2832 493 2889 quae
505 2813 540 2870 s1t
553 2814 647 2885 telius,
667 2815 722 2871 hoc
735 2812 861 2889 denique
873 2810 945 2891 pauo

174 2914 333 2975 Discimuse
355 2916 433 2974 haud
446 2936 585 2993 umquam
598 2916 731 2976 manibus
738 2915 846 2993 jaciata
858 2909 958 2974 fatiscit

174 3021 230 3078 Sed
243 3019 315 3097 picis
328 3019 359 3078 in
373 3039 483 3078 morem
496 3022 532 3078 ad
546 3020 652 3099 digitos
669 3019 801 3078 lentescit
812 3017 944 3079 habendo.

174 3122 304 3191 Humida
318 3120 436 3199 majores
449 3124 551 3183 herbas
564 3124 625 3193 alit,
644 3123 761 3201 ipsaque
770 3123 847 3200 justo
945 3129 947 3138 '

173 3224 298 3284 Laetior:
320 3226 358 3284 ab
371 3225 495 3286 nimium
508 3247 545 3285 ne
559 3228 594 3286 fit
606 3226 679 3285 mihi
692 3226 796 3285 fertilis
808 3227 868 3296 ilia,

174 3329 245 3388 Neu
258 3328 286 3387 se
299 3330 482 3406 praevalidam
495 3330 595 3409 primis
607 3331 736 3389 ostendat
748 3330 850 3389 aristis!

175 3431 253 3492 Quas
264 3432 358 3513 gravis
370 3433 419 3509 est,
439 3432 501 3513 ipso
514 3434 633 3495 tacitam
645 3433 675 3504 se
687 3436 814 3517 pondere
827 3430 928 3514 prodiit
