2250 4050
95 439 215 505 ram·
421 432 520 495 LIB.
560 433 601 494 11.
844 439 913 504 2⁸7·

93 589 262 651 Abdiderat
275 586 343 660 sese,
362 599 449 668 atque
461 590 516 650 aria
529 589 622 650 invisa
633 589 759 650 sedebat.

94 690 238 750 Exarsere
248 691 332 770 ignei
343 693 455 751 animo:
476 693 555 752 subit
566 692 609 751 ira
621 693 773 750 uadentem

94 787 211 851 Ulcisei
223 793 355 870 patriam,
374 806 406 852 et
414 794 561 853 sceleratae
574 794 685 853 sumere
696 811 803 870 poenas.

96 893 220 953 Scilioet
239 895 303 954 baec
323 896 452 973 Spartam
471 896 634 966 incolumia,
654 896 817 972 patriaeque
832 893 917 974 Myr·-

179 1014 276 1066 (Μῦν

95 1095 255 1176 Adspiciet
261 1123 271 1171 3
291 1109 432 1177 partoque
445 1099 500 1158 ibit
513 1100 613 1177 regina
627 1099 790 1176 triumpho?

96 1199 348 1278 Conjugiumque,
368 1203 553 1281 domumque,
573 1212 676 1278 pauet,
702 1211 840 1280 natosque
859 1201 904 1263 vi·

180 1303 273 1372 debit,

97 1400 230 1463 Iliadum
243 1405 328 1464 turbi
339 1415 370 1464 et
380 1405 513 1483 Phrygiis
524 1406 661 1465 comitata
673 1404 824 1466 ministrir?

96 1507 256 1566 Occiderit
267 1508 343 1566 ferro
355 1510 501 1567 Priamus?
521 1507 609 1586 Troja
620 1507 719 1566 arserit
730 1507 812 1585 igni?

99 1605 286 1670 Dardanium
298 1609 383 1668 toties
395 1610 502 1669 sudarit
515 1609 655 1688 sanguiue
666 1610 752 1668 litus?

100 1714 174 1772 Non
187 1713 244 1771 ita:
268 1730 401 1790 namque,
413 1715 464 1773 etsi
474 1714 588 1772 nullum
598 1713 783 1772 memorabile
797 1731 904 1774 nomen

101 1812 242 1875 Feminei
254 1815 286 1873 in
298 1817 383 1893 poena
395 1817 444 1885 esi,
461 1835 516 1876 nec
528 1817 615 1876 babet
627 1815 745 1874 vidioria
758 1816 889 1888 laudem3

102 1917 270 1976 Extiuxisse
281 1919 360 1976 nesae
373 1927 479 1989 tamen,
500 1928 531 1977 et
542 1917 666 1977 sumfiffe
678 1919 815 1976 merentis
839 1988 841 1992 Ι

102 2021 259 2081 Laudabor
270 2039 384 2098 poenam
405 2021 593 2098 animumque
604 2019 726 2097 explesse
735 2019 850 2098 juvabit

102 2123 227 2181 Ultrieis
239 2103 373 2192 flammie,
392 2133 422 2181 et
435 2123 544 2210 eineres
557 2123 667 2181 satiasse
679 2141 818 2183 meorum.

141 2225 230 2284 Talia
238 2223 391 2302 jadabam
411 2236 444 2283 et·
455 2225 562 2288 furiata
573 2234 671 2282 mente
683 2226 795 2285 ferebar
801 2251 812 2297 ς
824 2240 826 2244 ‘

104 2326 211 2387 Quum
219 2327 292 2392 mibi
300 2325 338 2397 se,
347 2346 406 2385 nou
415 2336 483 2385 ante
492 2327 582 2386 oeulis
590 2328 742 2397 ramolam,
752 2328 907 2390 videndam

103 2430 234 2501 Obtulit,
254 2439 283 2487 et
295 2429 367 2506 puri
379 2436 430 2506 per
442 2430 556 2512 nobiem
567 2429 599 2487 in
611 2430 677 2488 luce
688 2431 809 2501 refulsit,

104 2534 194 2591 Alma
205 2550 317 2609 pareus,
336 2531 460 2590 consessa
472 2533 566 2601 deam,
586 2532 735 2608 qualiaque
746 2534 839 2593 videri

105 2634 255 2695 Coelicolia
267 2645 298 2693 et
309 2645 418 2712 quanta
426 2634 514 2706 ,solet3
535 2636 694 2712 dextraque
706 2637 879 2713 prehensum

105 2737 272 2807 continuit,
291 2736 427 2811 roseoque
440 2736 502 2795 baec
514 2737 629 2815 insuper
641 2739 752 2798 addidit
765 2759 831 2798 ore:

105 2842 194 2911 Nate,
211 2839 277 2917 quio
290 2838 443 2897 indomitas
457 2849 553 2897 rantur
565 2841 647 2900 dolor
662 2840 771 2900 excitat
782 2843 853 2902 iras?

106 2944 189 3003 Quid
202 2942 291 3000 furis?
312 2949 363 2999 aut
374 2959 499 3016 quonam
512 2941 599 3000 nostri
611 2942 666 3000 tibi
678 2962 746 3003 cura
758 2944 886 3003 receffitl

106 3047 176 3105 Non
188 3045 269 3124 prius
281 3042 428 3120 adspicies,
447 3043 508 3113 ubi,
528 3042 632 3102 felium
643 3052 739 3117 aetate,
757 3056 906 3123 parentem

107 3144 415 3225 Liqueria'Ancbisen?
436 3144 550 3221 superet
561 3145 726 3222 ooujuuxne
737 3149 854 3222 Creiisa,

107 3251 305 3327 Ascaniusque
316 3250 402 3326 puer?
424 3267 496 3323 quoa
511 3249 606 3307 omnia
619 3251 748 3327 undique
761 3254 856 3312 Graiae
875 3273 890 3280 ··

108 3354 224 3422 Circum
236 3360 332 3412 errant
345 3350 433 3424 aciem
453 3360 493 3419 et,
513 3350 544 3407 ui
556 3370 621 3413 mea
633 3371 701 3411 cura
711 3354 839 3425 resistat,
