2250 4050
150 444 246 501 molt
458 440 512 501 LI
527 440 559 501 Β.
599 438 625 501 Ῑ.
888 444 943 511 190

151 594 267 657 Adoestii
279 596 427 677 seopuloo:
448 618 499 659 voa
511 610 542 659 et
553 596 694 677 Cyclopia
707 594 774 656 saxa

150 694 266 777 Experti.
301 703 448 762 Revocate
467 703 588 772 animos,
609 702 795 776 maestumque
808 697 942 759 timorem

150 794 268 863 Mittitet
288 805 389 865 forsan
399 816 431 865 et
443 807 506 865 haec
518 806 591 864 olim
609 804 769 863 meminisse
777 802 902 881 juvabit.

150 900 195 963 Per
205 909 294 967 varios
306 908 398 980 casua,
418 928 470 987 per
484 918 529 967 tot
540 907 706 967 discrimina
719 926 824 975 rerum,

148 1002 297 1071 Tendimus
308 1011 343 1071 in
357 1000 490 1085 Latium3
511 1012 591 1069 sedes
604 1010 656 1069 ubi
669 1011 728 1069 fata
742 1010 853 1086 quietae

149 1106 315 1174 Ostendunt:
338 1116 400 1174 illic
413 1116 456 1174 fus
469 1134 558 1193 regna
570 1113 717 1189 resurgere
729 1112 832 1192 Trojae.

146 1208 256 1291 Durate,
276 1230 307 1278 et
319 1231 430 1279 vosmet
443 1222 529 1279 rebus
541 1219 653 1279 servate
666 1217 804 1278 secundis.

180 1322 259 1381 Talia
270 1342 343 1381 voce
355 1324 456 1396 refert3
477 1322 612 1400 cutisque
624 1322 791 1400 ingentibus
804 1341 880 1400 aeger

146 1418 223 1500 Spem
230 1426 312 1485 voltu
325 1426 453 1494 fimulat,
461 1426 567 1503 premit
579 1426 672 1484 altum
684 1426 768 1484 corde
781 1425 920 1484 dolorem.

146 1518 188 1585 Illi
199 1527 228 1587 se
239 1531 346 1606 praedae
358 1529 529 1607 adcingunt,
548 1530 726 1606 dapibusque
738 1528 852 1589 futtuis.

146 1621 263 1709 Tergora
275 1631 423 1710 deripiunt
435 1632 527 1701 costis,
547 1642 577 1689 et
590 1632 696 1691 viscera
709 1634 832 1691 nudant:

146 1725 242 1792 Pamin
256 1734 346 1793 fiusta
358 1734 465 1805 secant,
478 1734 649 1812 veribusque
663 1736 814 1794 trementia
826 1736 935 1813 figunt:

146 1828 235 1895 Litore
246 1840 321 1896 aena
332 1840 430 1896 locant
442 1839 504 1906 ulii,
522 1838 710 1914 flammaque
728 1839 898 1897 ministrant.

146 1930 217 1997 Tum
227 1940 307 2000 vidtu
320 1952 455 2000 revocant
468 1941 542 1999 viret
546 1966 556 2013 3
578 1941 689 2017 fntique
702 1960 753 2017 per
767 1941 885 2001 herbam

145 2034 290 2120 Inplentur
300 2044 407 2104 vetetis
419 2045 534 2115 Bocchi,
554 2045 727 2122 pinguisque
740 2045 849 2103 ferinae.

146 2139 287 2225 Postquam
297 2161 414 2210 exemta
424 2151 514 2208 fames
524 2149 626 2226 epulis,
639 2148 800 2225 mensaeque
810 2161 937 2222 remotae,

146 2247 260 2311 Andros
271 2251 361 2330 lon'go
369 2251 464 2311 'socios
476 2251 606 2310 sermone
619 2251 768 2327 requirunt
772 2277 781 2323 3
914 2259 917 2266 '

146 2346 279 2434 Spemque
296 2367 467 2433 metumque
483 2357 561 2414 iuter
580 2355 672 2425 dubii,
692 2355 742 2414 seu
760 2356 855 2416 vivere
876 2377 936 2418 cre·

212 2459 292 2530 dunt,

146 2551 203 2618 Sive
213 2573 342 2622 extrema
355 2564 426 2641 pati,
446 2581 500 2622 uec
509 2561 571 2641 jam
582 2565 718 2623 exaudite
730 2575 853 2627 vocatos.

146 2651 279 2743 Praecipue
291 2667 358 2743 pius
370 2666 489 2736 AEneaa,
509 2685 589 2726 nunc
601 2668 673 2725 acn's
685 2668 800 2738 Oronti,

146 2753 224 2825 Nunc
236 2768 346 2846 Amyci
358 2769 456 2830 casum
469 2768 570 2846 gemit,
589 2779 619 2828 et
631 2772 757 2830 crudelia
770 2773 867 2832 secum

146 2853 206 2927 Fata
211 2870 290 2949 Lyci,
299 2872 464 2948 fortemque
471 2873 566 2949 Gyan,
577 2873 740 2949 fortemque
748 2875 935 2937 Cloanthum.

180 2970 214 3029 Et
218 2972 279 3050 jam
286 2975 355 3032 finis
362 2984 437 3047 erat;
452 2974 692 3053 quumJuppiter,
706 2977 813 3036 aethere
823 2981 935 3038 summo

147 3057 302 3151 Respiciens
315 3095 395 3136 mare
407 3075 571 3147 velivolum,
591 3088 735 3154 terrasque
745 3079 875 3156 jacentis,

148 3160 299 3256 Litoraque,
320 3189 350 3237 et
363 3180 435 3238 latos
446 3180 575 3256 populos,
595 3180 633 3237 fic
647 3181 752 3239 vertice
765 3185 838 3243 coeli.
857 3186 859 3190 ’

148 3263 279 3350 Constitit,
297 3291 328 3341 et
341 3282 442 3358 Libyae
455 3281 557 3341 defixit
569 3282 679 3340 lumina
693 3285 797 3360 regnis.

150 3368 234 3453 Atque
244 3383 338 3457 illum,
359 3384 425 3444 talis
429 3383 588 3461 jaetantem
602 3385 719 3466 penore
732 3389 828 3464 curas,

526 3510 547 3550 o
