2250 4050
169 460 208 515 ⁸8
403 451 736 522 GEORGICON,
860 453 953 511 ulli·

172 610 271 671 Quem
282 610 380 686 legere
392 611 506 681 ducem,
526 620 556 669 et
567 609 666 688 penori
677 609 780 671 dixere
792 605 933 676 meritum
941 612 947 630 ·’

169 712 368 788 Florentisque
380 712 477 775 secant
488 713 600 783 hubas,
620 711 786 788 fluviosque
803 709 956 774 ministffllv

170 817 328 893 Fnrmque3
349 835 387 875 ne
397 817 503 877 blando
515 824 640 894 nequeat
652 815 795 893 supereffe
806 812 909 875 labori=

171 918 353 995 Invalidique
364 928 481 997 patrum
492 920 618 983 referant
626 917 739 997 jejunia
751 918 825 979 nati.

172 1022 229 1100 Ipti
241 1030 340 1081 autem
351 1022 444 1081 macie
457 1031 578 1083 tenuant
590 1030 721 1081 amenta
734 1023 862 1083 volenter
866 1046 875 1093 3

171 1128 281 1204 Atque,
302 1126 353 1184 ubi
365 1126 535 1191 concubitus
547 1126 655 1205 primos
663 1125 727 1204 jam
740 1135 810 1185 nota
822 1126 949 1202 voluptu·

173 1227 324 1299 Sollicitat,
344 1229 511 1306 frondiaque
522 1238 640 1306 negant,
655 1239 687 1287 et
699 1229 833 1289 fontibua'
843 1235 943 1288 areenb·

173 1333 252 1409 Saepe
265 1332 355 1390 etiam
366 1331 452 1400 eursu
464 1333 609 1409 quatiunt,
629 1341 660 1391 et
671 1332 729 1390 sole
740 1332 875 1409 fatigant,

173 1436 276 1493 Quum
286 1435 410 1511 graviter
418 1435 507 1493 tuntir
515 1435 608 1512 gemit
616 1453 683 1505 area
691 1435 838 1512 frugibus,
845 1443 954 1511 etquun

174 1539 345 1614 Surgentem
358 1539 394 1596 ad
407 1538 577 1617 Zephyrum
587 1537 677 1614 palere
685 1536 833 1614 jaetantur
843 1537 940 1599 inm

173 1641 240 1699 Hoc
252 1640 374 1710 faciunt,
393 1640 486 1699 nimio
499 1660 535 1699 ne
547 1641 622 1701 luxu
632 1641 761 1699 obtufior
773 1640 841 1699 usus

175 1743 219 1802 Sit
233 1743 355 1821 genitali
367 1762 443 1814 arvo,
464 1752 495 1802 et
507 1742 598 1801 sulem
610 1742 732 1801 oblimet
744 1742 847 1803 inertis
854 1768 864 1815 3

174 1846 229 1906 Sed
241 1845 333 1923 rapiat
343 1845 437 1905 fitiena
449 1846 603 1915 Venerem,
616 1844 796 1922 interimque
808 1845 941 1905 recondat·

215 1947 334 2017 Rursus,
349 1967 418 2006 eura
431 1957 546 2032 patrum
562 1949 673 2028 eadem,
694 1957 725 2005 et
744 1947 894 2020 sucoedere
908 1952 955 2006 mi·-

293 2060 381 2122 trum,

175 2153 294 2231 Incipit.
330 2154 446 2214 Exaais
458 2155 583 2233 gravidae
596 2174 688 2231 quum
699 2156 847 2216 mentibus
858 2159 948 2218 errant

174 2258 244 2315 Non
256 2256 321 2314 illas
333 2258 468 2334 gravibus
480 2257 632 2335 quisquam
637 2256 710 2334 juga
720 2259 828 2317 dueere
836 2252 956 2336 plaustris.

174 2361 247 2420 Non
259 2359 333 2419 saltu
346 2360 476 2438 superare
488 2361 566 2419 viam
579 2361 614 2420 fit
626 2360 727 2437 patrus,
747 2371 779 2419 et
791 2362 853 2422 acri

176 2466 299 2541 Carpere
311 2474 393 2543 prata
407 2466 487 2541 fugi,
508 2465 668 2541 fluviosque
679 2464 782 2523 innare
794 2484 914 2544 rapaces.

176 2567 302 2625 Saltibus
313 2568 346 2625 in
357 2567 455 2626 vacuis
467 2568 594 2645 pascant,
613 2577 644 2625 et
654 2567 740 2644 plena
754 2568 910 2627 secundum

175 2669 322 2729 Flumina:
344 2671 459 2729 museus
467 2670 529 2741 ubi,
542 2680 573 2729 et
582 2669 748 2729 viridiffima
759 2672 891 2747 grmnine
902 2666 956 2744 ripn

175 2773 381 2850 speluncaeque
394 2782 503 2850 tegant,
523 2783 554 2832 et
567 2773 650 2832 saxea
662 2775 802 2849 procubet
813 2777 920 2842 umbre.

213 2876 262 2933 Est
274 2876 354 2950 lucos
368 2876 452 2935 Silari
465 2875 550 2946 circa,
564 2875 736 2951 ilicibusque
748 2876 891 2948 virentem

175 2979 318 3040 Plurimus
330 2979 499 3040 Alburnum
510 2978 643 3052 volitans,
665 2977 735 3055 quoi
748 2998 857 3038 nomen
869 2978 930 3044 afilo
940 2983 950 2995 ”

175 3082 340 3150 Romanum
352 3082 401 3153 est,
420 3083 540 3142 oelbum
548 3081 631 3140 Graii
642 3091 753 3141 vertere
765 3093 913 3154 uocantem

175 3184 277 3260 Asper,
298 3187 400 3243 acerba
412 3184 528 3245 sonans:
550 3205 609 3261 quo
624 3194 685 3243 tota
697 3186 836 3248 exterrita
849 3185 920 3248 fitur
948 3219 950 3224 ·

175 3285 346 3361 Diffugiunt
358 3297 501 3359 armenta5
521 3288 596 3345 furit
608 3287 769 3365 mugitibus
781 3290 873 3348 aetber

176 3387 342 3459 Concuffus,
362 3389 496 3469 silvaeque
507 3399 538 3449 et
551 3391 618 3465 ,ficei
630 3391 693 3469 ripa
704 3391 844 3470 Tanagri.
