2250 4050
146 486 168 526 r.
182 477 251 542 775.
455 475 482 533 L
495 474 569 535 lu·
596 472 636 534 11.
892 478 950 529 24⁵

146 623 217 684 rum
230 627 270 686 fic
280 628 385 701 adfari,
405 639 436 688 et
449 650 531 691 curas
542 631 588 690 hia
601 631 716 688 demere
730 628 832 687 diutia:

146 728 223 787 auid
236 738 355 790 tantum
366 732 469 792 insano
477 732 561 811 juvat
573 732 725 810 indulgere
738 731 841 799 dolori,

146 828 274 891 Odulcia
286 833 433 912 conjunxi
450 854 513 909 ,non
527 836 590 895 haec
603 835 661 893 fine
677 833 798 892 numine
811 832 909 892 divom

146 928 306 994 Eveniunta
327 955 383 995 nec
399 948 430 996 te
449 937 519 997 hinc
536 938 674 997 comitem
693 936 835 1014 asportare
856 937 947 1000 creti-

146 1133 207 1211 aa„
228 1149 280 1199 aut
293 1141 344 1200 ilie
356 1142 423 1201 finit
436 1142 528 1221 superi
543 1152 678 1220 regnator
691 1141 821 1219 Olympi.
929 1163 934 1171 ·

146 1237 241 1320 Longa
259 1244 316 1302 tibi
331 1244 441 1316 exmia,
461 1257 492 1303 et
510 1245 622 1304 vastum
639 1243 726 1302 maria
747 1262 844 1320 aequor
864 1262 946 1303 aran·

217 1345 306 1404 dum:

146 1441 179 1504 Et
191 1457 298 1507 terram
310 1450 483 1528 Hesperiam
495 1451 594 1509 venies
600 1475 609 1522 3
630 1449 682 1508 ubi
696 1449 814 1526 Lydius,
835 1468 902 1509 arua

146 1545 220 1610 inter
231 1552 332 1631 opima
343 1554 449 1624 virum,
469 1553 528 1613 leni
542 1554 610 1612 fluit
621 1553 739 1630 agmine
751 1553 888 1632 Thybris.

146 1647 203 1713 [llic
215 1674 260 1714 rea
274 1656 358 1728 laetae,
377 1675 567 1734 regnumque,
587 1667 617 1714 et
630 1656 709 1733 regia
723 1655 850 1733 conjunx

146 1752 222 1817 Parta
235 1759 303 1819 tibi:
325 1758 456 1823 lacrimas
467 1760 580 1818 dilectae
592 1759 669 1838 pelle
682 1758 807 1817 Creiisae.

146 1853 208 1919 Non
221 1880 279 1939 ego
291 1862 511 1939 Myrmidonum
524 1860 612 1934 sedet,
632 1861 826 1939 Dolopumve,
847 1862 944 1941 super·

216 1967 267 2024 bar

146 2067 319 2147 Auspicium,
339 2077 389 2127 aut
402 2068 496 2127 Graiis
509 2069 646 2127 servitum
659 2068 799 2127 matribus
812 2071 870 2141 ibo,

146 2164 291 2241 Dardanis,
311 2181 342 2229 et
354 2172 429 2230 divae
441 2171 561 2229 Veneris
575 2190 677 2239 nurus:

146 2270 193 2333 Sed
205 2294 255 2333 me
267 2293 374 2351 magna
386 2275 474 2332 deum
487 2274 628 2339 Genetrix
642 2274 686 2331 his
699 2273 811 2332 detinet
824 2275 890 2333 oris.

146 2373 262 2455 Jamque
275 2377 349 2446 vale,
369 2387 399 2442 ct
412 2377 472 2435 nati
486 2376 565 2435 serva
577 2376 739 2434 communis
752 2396 888 2436 amorem.

146 2474 211 2544 Haec
227 2479 281 2539 ubi
296 2480 375 2546 ,dicia
392 2479 483 2548 dedit,
503 2477 712 2550 lacrimantem,
731 2489 761 2536 et
779 2480 872 2538 multa
890 2501 940 2541 vo·

214 2584 325 2643 lentem
364 2621 369 2628 -

146 2682 254 2756 Dicere,
275 2683 411 2756 deseruit,
432 2683 584 2760 tenuisque
597 2683 706 2741 receffit
719 2683 750 2741 in
763 2704 855 2746 auras.

146 2784 196 2858 Ter
206 2798 327 2847 nonatua
340 2787 382 2850 ibt
394 2787 470 2849 collo
484 2787 550 2843 date
564 2785 678 2846 brachia
691 2786 819 2858 circum,

146 2889 197 2952 Ter
207 2893 311 2952 fruma
323 2890 479 2968 conprensa
493 2908 595 2947 manus
608 2889 711 2965 effugit
722 2890 828 2968 imago,

146 2993 191 3055 Par
201 2998 314 3062 levibus
326 2995 429 3062 ventis,
448 2992 617 3067 volucrique
629 2992 774 3050 fimillima
788 2969 881 3054 fumo.

178 3102 221 3160 Sic
233 3102 355 3159 demum
369 3095 467 3163 socios,
488 3091 639 3152 consumta
652 3094 745 3165 nome,
761 3096 861 3156 reviso.

145 3203 235 3282 Atque
247 3202 298 3262 hic
311 3202 461 3277 ingentem
474 3196 615 3255 comitum
635 3196 784 3255 adfluxiffe
799 3217 939 3259 novorum

146 3305 265 3376 Invenio,
278 3303 424 3364 admirans
438 3319 606 3370 numerum;
626 3309 786 3377 matresque
799 3300 939 3380 virosque,

146 3410 299 3472 &medam
310 3404 413 3467 exarto
422 3406 545 3484 pubem,
568 3403 872 3487 miserabiiernigua.
