2250 4050
173 458 215 517 86
389 455 722 526 suuconch,
887 465 959 528 my.

176 613 255 672 Hinc
264 614 334 672 adeo
341 615 435 673 media
442 615 482 672 est
492 614 575 673 nobis
582 613 641 684 νίας
657 631 782 689 namque
792 611 944 690 sepulcrum

175 712 283 794 napa
294 717 427 793 adparere
439 717 581 789 namne
603 716 662 784 nc,
680 700 732 776 'ubi
745 715 845 774 aenas

175 819 319 896 Agricolae
331 819 474 895 stringunt
486 819 609 888 frondes,
622 818 680 886 hic,
692 818 790 886 Moeri,
803 837 940 886 cauamua5

173 924 235 983 Hie
247 923 342 981 haedos
354 923 478 1000 depone;
499 931 597 980 tamen
609 920 756 978 veniemus
771 920 803 978 in
817 924 924 979 urbem:

175 1029 245 1095 Aut,
259 1025 289 1093 fi,
304 1044 362 1082 nox
375 1024 502 1103 pluviam
515 1042 552 1080 ne
564 1022 691 1098 conligat
703 1031 780 1091 ante,
793 1041 926 1090 veremur,

175 1129 330 1187 Cantantes
345 1126 412 1184 licet
425 1125 513 1202 usque
528 1125 637 1201 (minus
649 1124 696 1182 via
708 1125 806 1198 laedat)
821 1144 923 1185 eamus:

175 1232 331 1289 Cantantes
344 1238 377 1286 ut
389 1247 495 1297 eamus,
505 1247 563 1304 ego
575 1227 630 1285 hoc
643 1236 671 1283 te
684 1226 760 1285 fasce
771 1227 880 1287 levabo.

515 1348 631 1388 urana.

175 1434 280 1494 Desme
292 1434 382 1510 plura,
395 1452 465 1510 puer
469 1457 479 1503 3
498 1441 537 1499 et,
550 1432 627 1507 quod
640 1449 718 1489 nunc
731 1430 826 1502 instat,
839 1449 950 1510 agamus:

173 1537 308 1597 Carmina
322 1545 384 1594 tum
397 1535 507 1605 melius,
522 1553 613 1610 quum
623 1535 733 1593 venerit
744 1535 813 1613 ipse,
825 1553 949 1595 canemus.

423 1857 648 1916 ECLOGA
679 1859 718 1916 X.

476 2061 664 2113 GALLUS.

173 2243 353 2312 Exrnauuu
363 2254 450 2325 bunc,
458 2257 609 2327 Arethusa,
620 2257 694 2315 mihi
701 2257 826 2315 concede
836 2256 952 2313 laborem·

170 2358 265 2419 Pauca
277 2376 342 2415 meo
354 2359 448 2430 Gallo,
467 2359 514 2417 sed
527 2380 592 2436 quar
605 2361 682 2436 legat
693 2358 754 2435 ipsa
769 2358 892 2435 Lycon's,

171 2459 309 2524 Carmina
321 2461 387 2518 sunt
398 2462 533 2520 dicenda:
556 2472 644 2538 neget
656 2461 720 2537 quis
731 2460 858 2519 canniua
868 2454 953 2517 Gallo?

173 2561 219 2618 Sic
232 2562 295 2630 tibi,
315 2582 405 2638 quum
418 2564 521 2621 flu6tus
534 2564 720 2621 subterlabere
734 2562 859 2631 Sicanos,

171 2662 257 2721 Doris
270 2683 363 2722 amara
376 2665 455 2723 suam
468 2685 526 2723 non
539 2665 732 2724 intermisceat
741 2666 859 2723 undam.

170 2764 284 2843 Incipe:
306 2767 438 2824 sollicitos
451 2768 527 2825 Galli
539 2768 667 2826 dicamus
680 2786 799 2835 amores,

171 2867 252 2925 Dum
266 2878 361 2927 tenera
374 2870 528 2929 adtondent
542 2871 621 2929 srmae
632 2869 757 2947 virgulta
769 2870 892 2947 capella.
946 2864 949 2869 ’

171 2970 241 3030 Non
253 2972 381 3030 canimus
396 2972 498 3032 surdis=
519 2964 690 3050 respoth
702 2973 799 3030 omnia
812 2973 896 3031 filvoe.

211 3075 287 3131 Quae
300 3094 426 3143 nemora,
439 3084 490 3133 aut
502 3075 552 3153 qui
561 3095 613 3134 wa
625 3075 712 3133 saltus
724 3075 860 3145 habuere,
869 3069 956 3153 puelle

170 3175 202 3231 N
203 3176 288 3244 aldes,
298 3220 301 3224 .
311 3177 431 3254 indigno
444 3198 534 3255 quum
545 3178 647 3236 Gallus
659 3196 756 3237 amore
767 3178 891 3257 periret?
935 3223 937 3229 ,

169 3276 251 3344 Nam
263 3297 356 3354 neque
369 3280 480 3339 Parnasr
490 3281 573 3340 vobis
580 3279 660 3357 juga,
672 3299 742 3339 nam
755 3299 850 3358 neque
862 3276 937 3341 lieu

79 3463 84 3470 Δ
113 3445 115 3452 p
170 3378 239 3437 Ulla
252 3399 362 3444 moram
373 3370 485 3457 fecere,¹
497 3401 592 3462 neque
604 3383 702 3443 Aonie
713 3384 877 3465 Aganippe
894 3448 901 3457 ,
934 3421 949 3430 -ν
