2250 4050
160 446 254 511 v‘.49.
412 442 639 502 ECLOGA
678 441 732 501 VI.
929 452 967 506 2³

162 598 206 655 At
219 615 280 655 non
293 605 355 657 tam
368 601 459 677 turpis
471 602 616 678 pecudum
628 612 726 660 tamen
739 601 799 659 ulla
812 599 907 660 secuta
919 601 960 660 est

163 700 356 771 Concubitus,
376 705 507 779 quamvis
519 705 594 763 collo
607 703 746 763 timuillet
758 712 892 774 aratrum,

163 805 202 861 Et
216 802 292 880 saepe
304 803 337 861 iu
350 805 410 864 levi
422 807 560 882 quaefilset
574 827 680 867 cornua
693 808 800 867 fronte.

163 907 215 964 Ah
228 907 312 983 virgo
325 907 444 967 infelix!
468 919 502 967 tu
515 928 593 969 nunc
606 910 638 968 in
651 910 798 968 montibus
810 928 899 968 erras:

163 1011 229 1080 Ille,
250 1010 326 1069 latus
339 1011 457 1072 niveum
470 1013 555 1081 molli,
566 1013 656 1071 fultus
669 1013 837 1090 hyacintho,

163 1114 236 1172 llice
246 1113 299 1171 sub
313 1114 397 1190 nigra
409 1115 543 1192 pallentis
556 1116 684 1174 ruminat
696 1116 812 1187 herbas,

164 1221 230 1276 Aut
243 1217 374 1294 aliquam
385 1216 418 1275 in
430 1237 538 1295 magno
551 1217 680 1294 sequitur
692 1237 789 1296 grege.
823 1217 969 1288 Claudite,

245 1320 404 1397 Nymphae,

164 1423 287 1482 Dieaeae
299 1423 457 1501 Nymphae,
477 1442 629 1483 nemorum
639 1423 701 1501 jarn
714 1422 840 1482 claudite
852 1423 948 1494 saltus,

164 1527 196 1586 Si
210 1518 271 1603 qud
282 1527 358 1585 forte
370 1527 464 1587 ferant
476 1526 567 1589 oculis
579 1526 637 1585 sese
649 1527 733 1586 obvia
746 1526 846 1585 nostris

164 1628 339 1687 Frrabuuda
350 1627 432 1687 bovis
443 1628 576 1705 vestigia:
598 1630 716 1688 forfitan
728 1629 813 1687 illum

165 1733 232 1798 Aut
244 1731 336 1789 herba
348 1739 467 1812 captum
479 1731 576 1802 viridi,
596 1742 648 1790 aut
660 1739 790 1790 armenta
803 1730 942 1800 secutum,

166 1835 331 1893 Perducant
343 1833 447 1910 aliquae
461 1833 568 1892 stabula
582 1835 618 1893 ad
632 1833 774 1912 Gortynia
787 1853 890 1892 vaccae.

206 1938 289 1994 Trnn
298 1935 378 1994 canit
387 1936 582 2013 Hesperidum
594 1937 728 2018 miratam
741 1937 816 1994 mala
826 1937 965 2013 puellam:

164 2043 248 2099 Tum
262 2040 500 2099 Phaethontiadas
512 2040 609 2101 musco
623 2039 783 2099 circumdat
796 2059 898 2098 amarae

166 2142 305 2211 Corticis,
324 2151 410 2219 atquc
422 2142 481 2201 solo
493 2162 623 2221 proceras
636 2143 724 2221 erigit
736 2144 824 2201 alnos.

165 2248 249 2305 Tum
263 2245 349 2314 canit,
360 2257 503 2304 errantem
514 2246 644 2303 Permeffi
659 2247 695 2303 ad
708 2246 839 2316 flumina,
852 2244 971 2303 Gallum

166 2351 271 2407 Aonas
283 2347 315 2403 in
328 2348 434 2405 montis
447 2358 481 2406 ut
493 2348 609 2415 duxerit
622 2367 680 2407 una
691 2347 833 2419 sororum3

167 2452 273 2526 thue
285 2450 347 2508 viro
359 2450 459 2509 Phoebi
473 2450 576 2509 chorus
588 2450 778 2513 adsurrexerit
790 2449 898 2521 omnis;

167 2555 215 2611 Ut
229 2552 321 2610 Linus
333 2553 394 2610 haec
407 2553 462 2626 illi,
483 2554 582 2612 divino
593 2554 720 2612 carmine
733 2553 834 2630 pastor,

167 2655 303 2715 Floribus
316 2664 402 2732 atque
414 2656 479 2732 apio
493 2656 580 2714 crinis
593 2665 708 2715 umatus
721 2652 834 2726 amarae,

168 2758 303 2819 Dixerit:
319 2760 381 2817 Hos
393 2759 447 2818 tibi
460 2760 531 2818 dant
543 2760 676 2831 calamos,
691 2779 728 2817 en
741 2759 853 2837 accipel
869 2759 972 2828 Musae,

169 2860 289 2921 Ascraeo
302 2880 371 2937 quos
385 2872 451 2919 ante
463 2862 539 2934 seni3
557 2863 670 2939 ‚quibus
683 2862 734 2920 ille
747 2862 856 2919 solebat

170 2965 325 3023 Cantando
338 2964 443 3041 rigidas
456 2966 596 3023 deducere
609 2966 755 3026 montibus
768 2984 861 3022 omos.

170 3067 229 3125 His
244 3066 299 3125 tibi
311 3067 421 3143 Grynei
434 3068 559 3127 nemoris
573 3069 685 3127 dicatur
699 3067 796 3145 origo;

172 3170 222 3227 Ne
235 3168 300 3243 quis
313 3169 348 3227 fit
359 3170 449 3241 lucus,
469 3190 527 3247 quo
539 3171 569 3229 se
581 3171 646 3249 plus
654 3171 744 3249 jadtet
756 3170 874 3249 Apollo.

214 3271 297 3331 Quid
309 3272 419 3348 loquar,
429 3282 463 3332 ut
472 3274 597 3352 Scyllam
607 3274 681 3347 Nifi,
692 3260 779 3353 quam
791 3275 868 3334 fama
879 3274 973 3335 secuta

292 3375 340 3445 cst,
