2250 4050
229 440 289 494 244
491 431 579 491 AEN
592 432 646 491 El
659 433 689 492 D
703 433 731 492 Ο
745 433 774 501 S,
926 449 953 489 v.
962 438 1012 502 7t9;

227 591 292 667 Ipse
305 592 408 651 urbem
421 598 529 668 repeto,
549 597 580 653 et
592 589 696 666 cingor
708 587 894 665 fulgentibus
906 586 988 654 amris.

228 695 291 752 Stat
303 693 384 752 casus
397 712 534 752 renovare
547 693 651 762 omnis,
673 711 858 769 omnemque·
864 691 964 750 reverti

229 797 421 875 PerTrojam,
442 807 473 856 et
486 798 580 856 rursus
593 805 681 873 caput
692 795 838 874 objetlare
850 794 984 874 periclis.·‚

268 901 415 979 Principio
428 921 532 971 muros,
553 901 731 976 obscuraque
743 901 850 958 limina
862 910 956 977 porte,

230 1007 300 1064 Oua
313 1004 438 1083 greffum
451 1005 622 1074 extuleram,
639 1013 739 1081 repeto
743 1030 752 1076 3
774 1013 805 1062 et
818 1002 934 1080 vestigia
945 1011 1003 1060 retro

229 1109 389 1168 Observata
402 1108 505 1185 sequor
516 1128 569 1186 per
581 1109 704 1176 melem,
724 1117 756 1165 et
768 1106 881 1166 lumine
893 1106 977 1165 lustro.
1000 1144 1002 1152 ·

228 1215 340 1272 Horror
353 1213 463 1289 ubique
477 1213 599 1281 animos,
619 1211 702 1271 fimul
715 1211 776 1289 ipsa
795 1211 907 1269 filentia
919 1215 1009 1269 terrent.

228 1318 301 1381 lnde
314 1317 444 1387 domum,
467 1317 576 1374 srforte
590 1318 704 1393 pedem,
724 1316 846 1387 fiforte‚
859 1314 973 1388 ,tulitlet
1005 1357 1007 1362 ,

229 1421 283 1480 Me
297 1421 404 1478 refero:
426 1421 575 1479 inruerunt
589 1420 694 1490 Danai,
714 1428 744 1478 et
762 1420 967 1490 tedam-omne
980 1424 1009 1472 u·

309 1527 426 1584 nebant.

230 1630 316 1689 Ilicet
328 1630 407 1707 ignis
420 1631 495 1688 edax
507 1630 620 1690 summa
633 1631 670 1688 ad
682 1629 796 1707 fastigia
808 1639 896 1688 vento

229 1733 379 1793 Volvitur:
394 1733 566 1810 exsuperant
574 1734 712 1805 flammae5
728 1733 891 1792 furitaestus
898 1733 933 1791 ad
941 1743 1010 1789 auras·
1044 1786 1047 1791 .

229 1840 369 1910 Procedo,
391 1848 421 1896 et
434 1837 540 1896 Priami
553 1836 641 1908 sedes,
662 1856 825 1915 arcemque,
844 1836 943 1896 reviso.

231 1943 269 2001 Et
279 1942 340 2020 jam
354 1941 512 2020 porticibus
524 1941 623 1999 vacuis
634 1941 758 2019 Junonis
770 1942 860 2019 asylo,

231 2049 370 2107 Custodes
382 2048 459 2116 leui,
480 2045 604 2105 Phoenix
617 2055 648 2104 et
660 2047 739 2104 dirus
752 2046 856 2116 Ulixes

230 2153 358 2211 Praedam
372 2151 576 2210 adservabant:
598 2150 657 2208 huc
669 2150 799 2227 undique
812 2152 901 2209 Troia
914 2166 982 2227 gara,

230 2256 355 2314 lncenfis
369 2266 467 2333 erepta
481 2255 584 2331 adytis,
604 2254 767 2330 mensaeque
780 2255 910 2323 deorum,

230 2360 421 2435 Crateresque
434 2377 504 2416 auro
517 2357 611 2427 solidi,
631 2357 802 2434 captivaque
815 2357 898 2416 vestis

230 2462 420 2538 congeritur:
442 2461 535 2540 pueri,
546 2471 577 2519 et
585 2460 698 2537 pavidae
708 2461 798 2539 longo
812 2462 913 2520 ordine
923 2467 1018 2521 matres»

231 2566 315 2623 Stant
329 2565 448 2623 circum.

269 2668 364 2727 Ausus
377 2669 449 2745 quin
462 2668 551 2727 etiam
564 2688 648 2727 voces
658 2668 767 2747 juetam
780 2688 833 2747 per
845 2671 982 2738 umbram,

229 2773 344 2850 Inplevi
358 2774 484 2832 clamore
497 2774 567 2842 vias,
587 2774 757 2850 maesturque
770 2773 918 2844 Creiisam,

228 2877 438 2953 Nequidquam
461 2876 655 2954 ingeminans,
684 2877 854 2955 iterumque
876 2878 1025 2951 iterumque.

306 2980 417 3039 vocavi.

229 3080 392 3152 Ouaerenti,
412 3091 442 3141 et
455 3079 629 3141 tediis'urbis
641 3083 701 3141 sine
714 3082 774 3142 fi'ne
786 3083 910 3154 furenti,

229 3184 339 3242 Infelix
353 3186 547 3255 simulacrum
567 3195 656 3262 atque
669 3184 756 3263 ipfius
768 3189 873 3245 umbra
886 3184 994 3247 ercule

227 3286 296 3345 Visa
311 3286 386 3345 mihi
400 3297 467 3346 ante
480 3288 587 3360 oculos,
607 3298 638 3347 et
651 3287 721 3346 notd
734 3287 827 3367 major
839 3290 949 3368 imago.

222 3392 388 3476 Obstupui,
396 3392 946 3469 steteruntqueeomae,etuoxtaneilns
951 3388 1025 3451 helie
