2250 4050
175 429 255 497 ‘²3⁵7-
464 429 564 491 ΗΒ.
604 430 629 489 I.
889 436 944 501 199

170 572 224 641 Tun
234 585 351 647 celerare
364 586 467 665 sugam
479 587 629 666 patriique
642 585 780 645 excedere
793 584 901 656 suadet,

169 679 349 766 Auxiliumque
362 690 417 751 viae
431 702 541 751 veteres
554 691 658 749 tellure
670 688 795 748 recludit

168 779 304 866 T'hesruros,
324 793 461 871 ignotum
472 796 585 872 argenti
598 796 710 872 poudtu
722 803 751 853 et
764 792 836 853 euri.

167 882 204 948 His
213 907 350 967 conmota,
368 897 470 975 sugam
482 898 561 957 Dido
575 898 721 974 sociosque
734 899 860 974 parabat.

167 988 331 1072 Conveniunt,
351 1000 457 1077 quibus
470 1012 521 1060 eut
534 1001 634 1061 odium
647 1001 762 1060 crudele
776 998 900 1078 tyranni,

165 1090 210 1155 tut
218 1113 307 1161 metus
320 1121 395 1173 aner,
408 1114 482 1163 erat:
505 1104 596 1174 navis,
611 1124 676 1182 quae
689 1105 763 1162 sorte
776 1113 891 1181 paratae,

164 1193 321 1282 corripiunt,
342 1217 520 1285 onerantque
534 1227 612 1266 auro.
653 1211 805 1266 Portantur
817 1207 896 1266 avari

163 1298 331 1382 Pygmalionis
342 1331 410 1389 opee
422 1313 539 1390 pelago:
562 1313 623 1371 dux
635 1311 743 1372 semina
756 1310 834 1370 fani.

162 1399 285 1472 Devenere
299 1415 386 1483 locos,
406 1414 457 1473 ubi
470 1434 549 1473 nunc
562 1414 693 1492 ingentia
705 1433 804 1473 cernes

160 1502 255 1586 Munia,
275 1516 497 1594 surgentemque
511 1536 594 1576 novae
607 1517 791 1594 Carthaginis
805 1535 914 1576 arcem:

161 1605 317 1696 Mercatique
330 1619 432 1689 solum,
452 1621 520 1681 santi
534 1622 571 1679 de
584 1620 701 1684 nomine
713 1619 840 1696 Byrsam,

160 1708 263 1781 Taurino
275 1733 418 1800 quantum
430 1723 542 1800 possent
555 1722 734 1781 circumdare
748 1733 838 1800 tergo.

161 1812 199 1878 Sed
208 1842 260 1898 vos,
281 1826 333 1902 qui
347 1828 473 1898 taudem,
493 1825 600 1902 quibus
612 1836 663 1884 aut
674 1825 788 1887 venistis
801 1827 838 1885 ab
851 1824 917 1898 oris,

161 1915 241 1985 Quove
253 1928 358 1989 tenetis
370 1929 441 1989 iter?
464 1929 617 1989 Quaerenti
631 1930 736 1988 talibus
749 1929 799 1989 ille

161 2017 292 2104 suspirans,
312 2034 429 2111 imoque
444 2034 560 2093 trahens
573 2053 590 2092 a
603 2034 716 2111 penore
729 2053 843 2093 vocem:

187 2128 290 2194 onor
312 2136 344 2204 sr,
364 2136 456 2213 primi
469 2146 600 2214 repetens
613 2139 649 2195 ab
661 2136 782 2213 origine,
795 2154 923 2215 pergam,

160 2220 187 2285 Et
196 2248 267 2296 vaoet
280 2238 391 2298 annulis
405 2240 565 2298 nostrorum
578 2238 677 2299 audire
690 2240 822 2298 laborum
826 2264 835 2311 ς

159 2326 220 2395 Ante
230 2341 305 2400 diem
317 2340 413 2400 clauso
426 2352 571 2419 conponet
584 2341 681 2418 vesper
693 2341 830 2418 Olympo.

159 2424 206 2495 Nos
215 2441 295 2523 Troji
307 2444 439 2521 antiqui,
458 2445 480 2502 fi
493 2444 595 2502 vestras
608 2444 683 2502 forte
694 2463 746 2521 per
759 2443 836 2502 auris

158 2525 231 2618 Trojae
241 2566 346 2606 nomen
359 2547 403 2616 iit,
423 2546 532 2605 diversa
546 2565 598 2623 per
610 2566 724 2623 aequora
737 2548 832 2606 vetius

158 2627 224 2704 Forte
233 2649 282 2708 sui
295 2649 412 2727 Libycis
426 2650 574 2725 tempesias
587 2650 700 2727 adpulit
714 2650 778 2708 oris.

159 2732 211 2803 sum
220 2752 280 2827 pius
291 2753 412 2822 AEneas,
431 2762 527 2829 raptos
541 2752 642 2828 quiex
655 2753 733 2812 hoste
748 2756 864 2812 Penates
941 2741 945 2746 ’

159 2835 230 2910 cluse
240 2855 313 2914 veho
325 2874 451 2923 meeum,
470 2854 549 2914 sauri
561 2854 646 2932 super
658 2857 763 2916 aethera
777 2869 870 2916 notus.

157 2934 248 3017 ltaliam
259 2977 357 3035 quaero
369 2958 492 3033 patriam
505 2966 534 3015 et
546 2976 638 3035 genus
650 2962 687 3017 ab
698 2962 770 3037 Jove
784 2959 903 3017 summo.

156 3037 194 3111 Bit
203 3057 275 3120 denis
290 3060 448 3137 Phrygium
460 3059 614 3118 conscendi
627 3061 747 3119 navibus
760 3081 866 3137 aequor,

156 3138 231 3220 Matre
241 3164 304 3222 Dei
317 3162 493 3222 monstrante
505 3163 592 3231 viam,
603 3163 679 3221 ¹data
695 3164 755 3221 sata
768 3164 894 3237 secutus,

156 3240 202 3315 Vix
212 3262 325 3343 septem,
343 3263 484 3324 convolsae
497 3265 584 3324 undis
597 3265 739 3340 Euroque,
755 3264 914 3342 supersunt.

156 3342 334 3445 Iiseignotua,
352 3384 451 3446 egeus,
473 3366 574 3447 Libyae
587 3365 700 3430 deserta
710 3386 846 3449 peragro,
