2250 4050
174 468 230 522 148
471 463 636 523 ellus.
860 460 933 524 ulls

169 619 268 677 Aurea
280 619 411 678 sollemni
427 627 557 679 comtum
571 639 687 697 quoqne
696 619 790 678 fibula
802 617 858 678 ritu
929 658 933 668 ·

171 721 323 799 Mopsopio
337 723 419 782 tereti
433 723 567 782 nectebat
579 725 666 783 dente
678 723 796 782 cicadae.

170 824 236 883 Nec
248 844 316 883 vero
329 825 391 883 haec
402 826 484 885 vobis
497 826 709 885 custodiarum
723 825 830 894 misser,

170 927 237 986 Nec
250 928 343 985 fiierat
349 953 362 1000 ς
380 929 432 986 nisi
446 928 549 1006 Scylla,
570 947 645 988 novo
658 938 796 1004 conrepta
808 929 901 992 furore,

171 1031 275 1108 Scylla,
285 1005 376 1107 patrii
385 1030 482 1089 miseri
495 1031 652 1108 patriaeque
664 1031 784 1089 inventa
794 1029 933 1107 sepulcrm

170 1133 200 1192 0
213 1133 337 1192 nimium
348 1133 458 1211 cupidis
472 1135 493 1192 si
506 1153 565 1192 non
577 1134 710 1192 inhiasset
722 1133 837 1192 ocellis!

171 1236 227 1294 Sed
239 1237 332 1295 malus
344 1237 394 1295 ille
407 1256 488 1313 puer,
508 1256 596 1314 quern
608 1256 663 1295 nec
676 1236 727 1294 sua
738 1236 852 1294 slesiere
863 1237 932 1292 matti

170 1338 283 1400 Iratum
295 1339 400 1415 potuit,
420 1358 508 1416 quem
520 1358 574 1397 nec
585 1347 676 1416 pater,
696 1348 786 1415 atque
798 1355 865 1397 aruc
873 1334 931 1393 idem

170 1441 300 1520 Jupiter:
321 1442 372 1499 ille
385 1443 475 1500 etiam
490 1443 592 1500 Poenos
604 1441 747 1501 domitare
759 1442 863 1510 leones,

168 1542 211 1600 Et
223 1543 331 1604 validas
344 1544 443 1602 docuit
455 1544 530 1603 vires
542 1543 738 1604 mansuescere
752 1544 847 1621 tigrim

170 1646 225 1704 llle
236 1646 326 1704 etiam
335 1646 425 1718 divos,
439 1646 583 1719 hominem
598 1645 647 1704 sed
660 1646 757 1704 dicere
769 1632 931 1725 magnumfll

172 1749 255 1806 Idem
268 1759 332 1807 tum
345 1748 435 1807 tristes
448 1751 570 1808 acuebat
581 1749 716 1826 parvulus
728 1748 786 1809 irae

171 1851 294 1929 Junonis
307 1869 430 1928 magnae,
449 1850 530 1929 cujus
542 1849 666 1928 perjuria
679 1850 756 1910 divae

171 1952 256 2011 Olim
268 1953 297 2011 se
310 1953 470 2012 meminisse
483 1952 535 2011 diu
546 1952 658 2032 perjura
671 1955 777 2031 puellae

171 2056 243 2116 Non
257 2057 310 2116 ulli
322 2057 418 2115 liceat.
457 2056 724 2116 violaverat-inscia
737 2058 843 2129 sedem,
928 2055 930 2061 ’

171 2159 253 2218 Dum
266 2158 349 2217 sacris
362 2168 481 2237 operata·
491 2160 551 2217 deae
564 2158 683 2229 lascivit,
703 2170 734 2218 et
747 2170 829 2219 extra

171 2261 303 2324 Procedit
315 2262 402 2338 longe
416 2271 542 2320 matrum
554 2262 754 2338 comitumque
765 2273 903 2324 ‹atervam›

172 2364 342 2443 Suspensum
355 2365 482 2442 gaudens
495 2364 527 2421 in
540 2382 658 2441 corpore
670 2365 771 2422 ludere
783 2366 889 2430 restem,

172 2466 210 2524 Et
224 2466 349 2525 tumidos
362 2466 491 2542 agitante
504 2466 580 2524 finus
592 2466 741 2542 Aquilone
753 2468 884 2525 relatam

171 2568 205 2632 N
205 2588 238 2626 ec
252 2570 322 2626 <lum
335 2570 425 2627 etiam
437 2569 523 2627 castos
537 2569 696 2645 agitaverat
707 2568 785 2645 ignis
797 2569 910 2631 honore,

171 2670 329 2741 Necdum,
351 2670 481 2729 sollemni
495 2670 614 2747 lympha
627 2670 752 2748 perfusa,
771 2672 890 2731 sacerdot

171 2773 307 2832 Pallentis
319 2772 396 2831 soliis
409 2783 496 2849 caput
508 2784 659 2833 exornarat
670 2773 769 2832 olivae:

172 2877 249 2934 Cum
263 2875 339 2935 labsa
353 2894 370 2933 e
384 2874 516 2934 manibus
529 2876 607 2952 sugit
624 2876 692 2953 pila,
711 2889 836 2953 cumque
847 2860 928 2934 reltffl

170 2979 314 3037 Procurn't
327 2978 424 3054 virgo:
446 2996 504 3053 quo
517 2976 630 3037 utinam
643 2997 680 3036 ne
693 2980 807 3056 prodita
820 2979 881 3037 ludo
921 2981 927 2994 ''

170 3081 313 3139 Auratam
326 3080 427 3157 gracili
441 3079 564 3138 solvisset
577 3098 694 3157 corpore
706 3082 827 3159 pallam!
895 3109 898 3118 ·

170 3181 288 3250 Omnia,
303 3202 367 3258 quae
381 3182 505 3241 retinere
519 3181 651 3258 gradum,
665 3183 837 3260 cursumque
848 3162 925 3242 morari

171 3284 292 3353 Possent,
313 3303 331 3340 o
344 3293 441 3341 tecum
453 3283 558 3341 vellem
572 3292 622 3342 tua
634 3284 746 3362 semper
758 3280 878 3346 habere!
920 3283 923 3290 '

170 3386 241 3445 Non
253 3406 394 3464 umquam
405 3387 511 3470 uiolata
523 3405 614 3445 mauu
627 3387 748 3449 sacraria
760 3388 842 3459 diva,
