2250 4050
124 457 219 529 uno.
413 461 512 521 LIB.
553 464 609 524 III.
855 472 907 525 101

127 608 197 671 Nunc
208 635 324 693 quoque
337 618 398 694 post
410 629 492 678 tanto
504 621 610 691 videat,
624 618 791 694 desertaque
801 636 891 695 regna

130 712 260 790 Pastorum,
281 729 311 777 et
323 720 412 799 longe
425 723 511 782 saltus
522 725 638 800 lateque
650 722 787 781 vacantia.

157 820 206 879 Hic
216 825 373 898 quondam,
385 828 486 884 morbo
499 826 575 897 ciali,
590 826 748 884 miseranda
762 835 857 883 coorta
870 825 910 883 est

133 917 280 1000 Tempestas,
299 935 419 1004 totoque
432 930 580 988 auctumni
593 929 745 988 incanduit
757 929 834 998 aestu,

135 1021 160 1080 Et
171 1046 253 1103 genus
271 1049 359 1088 omne
378 1033 442 1089 neci
458 1033 603 1109 pecudum
619 1031 708 1101 dedit,
728 1050 815 1089 omne
834 1031 909 1090 sera·

190 1149 264 1203 1111115

136 1228 310 1312 Coumpitque
323 1237 414 1307 lacum
436 1239 537 1297 infecit
549 1239 654 1316 pabula
668 1241 742 1296 tabo.

135 1327 181 1391 Nec
193 1339 233 1396 via
247 1339 347 1397 mertia
360 1351 422 1398 erat
439 1343 573 1419 simplem
595 1342 653 1411 sed,
666 1341 718 1399 ubi
731 1341 817 1418 ignea
830 1342 920 1399 venia

134 1431 252 1499 Omnibus
265 1442 327 1500 aaa
341 1442 399 1505 sitis
413 1443 528 1502 miseros
542 1446 700 1502 adduxerat
712 1454 798 1510 artus,

136 1534 215 1602 Rursus
226 1547 391 1604 abundabat
404 1547 632 1622 fluidus'liquor5
654 1547 809 1622 omniaque
822 1545 854 1603 in
868 1545 897 1603 se

135 1638 182 1702 Ossa
192 1648 355 1707 minutatim
368 1652 468 1707 morbo
481 1649 614 1726 conlapsa
628 1650 767 1709 trahebat.

135 1742 191 1824 Saepe
201 1751 229 1810 in
241 1753 350 1812 honore
361 1755 449 1812 deum
462 1754 559 1812 medio
571 1755 645 1812 stans
657 1755 747 1812 hostia
760 1755 797 1812 ad
806 1772 895 1821 aram,

135 1845 206 1914 lutea
217 1860 287 1916 dum
295 1859 385 1916 ‘nivea
398 1858 592 1917 circumdatur
604 1858 697 1916 infula
709 1859 791 1928 vitta,

136 1948 193 2016 luter
203 1961 362 2020 nuntiantis
374 1961 480 2019 cecidit
493 1961 665 2020 moribunda
679 1961 830 2019 ministros.

135 2054 186 2130 Aut,
203 2065 323 2141 siquam
336 2065 411 2123 ferro
424 2067 598 2124 mabiaverat
611 2066 685 2124 ante
694 2066 829 2134 sacerdon,

135 2153 186 2222 Inde
196 2186 286 2246 neque
298 2169 428 2246 inpositis
442 2170 543 2227 ardent
556 2169 657 2227 altaria
671 2168 759 2237 fibris,

135 2256 180 2325 Nec
191 2271 316 2349 responsa
328 2274 420 2349 potest
432 2271 577 2329 consultus
590 2272 705 2329 reddere
718 2282 796 2329 vates
801 2298 810 2345 i

134 2361 166 2421 Ac
175 2371 215 2432 vix
227 2374 364 2451 suppositi
376 2374 551 2451 tinguuntur
563 2373 703 2451 sanguine
716 2374 811 2442 cultri,

134 2462 280 2554 sltnrnaque
288 2475 388 2555 jejuna
401 2476 479 2535 sanie
491 2476 652 2536 infuscatur
666 2497 761 2536 arena.
867 2473 869 2476 ’

133 2562 191 2633 Hinc
201 2580 271 2638 laetis
284 2578 370 2638 vituli
385 2581 473 2656 volgo
483 2580 646 2638 moriuntur
659 2582 691 2638 in
704 2581 811 2649 herbis,

133 2665 159 2727 Εῒ
168 2680 248 2745 dulcis
260 2683 370 2741 animas
382 2682 467 2760 plena
479 2685 515 2741 ad
528 2683 663 2761 praesepia
676 2686 809 2743 reddunt.
921 2692 923 2699 '

132 2767 190 2840 Hinc
201 2786 317 2844 canibus
330 2785 441 2843 blandis
453 2787 545 2845 rabies
555 2786 644 2856 venit,
657 2796 687 2844 et
697 2788 792 2863 quatit
805 2807 895 2864 aegros

130 2869 200 2945 lbffis
211 2890 315 2948 anhela
328 2888 402 2959 sues,
422 2909 455 2947 ac
468 2890 600 2949 faucibus
613 2891 695 2967 angit
707 2891 806 2950 obesis.

131 2972 235 3063 Labitur,
251 2992 358 3052 infelix
370 2993 535 3062 studiorum,
550 3004 638 3070 atque
647 2993 790 3055 inmemor
800 2993 906 3063 herbae,

129 3073 206 3151 libor
217 3115 317 3173 equus,
330 3096 483 3173 fontesque
496 3096 641 3166 avertitur,
655 3100 685 3154 et
698 3099 770 3173 pede
784 3108 889 3156 terram

130 3180 214 3256 erebra
226 3198 310 3257 feritz
333 3198 459 3257 demiffae
472 3219 568 3271 aures;
589 3200 715 3257 incertus
728 3199 839 3258 ibidem
918 3267 923 3275 Ι

131 3281 207 3370 sudor,
225 3302 317 3361 atille
330 3302 448 3378 quldem
461 3303 608 3361 morituris
620 3303 742 3380 frigidus
749 3328 756 3372 3
778 3316 840 3363 aret

131 3383 204 3476 Palm
220 3407 300 3469 etad
313 3405 422 3466 tanum
435 3406 568 3467 tradtanti
580 3408 651 3465 dura
663 3406 773 3465 resistit.
