2250 4050
441 417 467 466 N
479 408 652 467 o'rutrr.
701 405 705 429 ²

131 556 239 606 ‘molli'
258 558 307 606 satis
323 559 429 622 exprimit
444 576 488 608 vox
507 558 638 620 ‘innoxiam'
663 569 686 608 et
702 542 809 607 ‘molles'
828 556 904 606 firmat
921 576 948 608 eo

134 651 241 693 ‘teneros
251 647 388 709 capillos'in
401 650 482 697 Sidonii
493 650 625 698 imitatione.
655 651 694 706 Et,
709 646 762 695 crim
773 646 947 706 dicit‘molles,'
1044 648 1047 656 '

136 736 201 781 idem
214 736 246 781 eli
262 735 287 781 ac
302 735 318 781 si
332 736 419 796 dixerit,
436 730 572 785 “Flamma
583 738 663 785 lambit
678 748 744 799 caput
756 753 782 784 ex
798 739 860 785 omni
877 751 946 802 parte,

136 827 155 855 ⁴‘
168 819 302 884 quicunque
311 823 447 872 diffundatur
456 836 584 874 tenerorum
593 826 677 873 flexura
686 826 840 888 capillonrm.’'
862 825 946 874 Confer

136 911 214 958 Ouid·
225 927 253 957 ex
265 913 332 959 Pont.
344 913 377 960 iii.
395 927 418 975 3.
437 928 474 974 17.

140 1038 143 1043 ,
176 1001 231 1047 Ver.
242 998 298 1060 697.
321 1001 426 1050 Litemlae
441 1004 597 1062 mutationem,
618 1020 695 1066 quam,
714 1003 847 1051 variantibus
864 1000 946 1051 interei

140 1088 215 1145 libris,
231 1104 257 1134 ex
269 1089 357 1149 ingenio
367 1090 416 1138 dare
429 1093 539 1149 volebam,
557 1091 650 1140 omnini>
660 1094 754 1155 postulat
763 1092 859 1139 audtoris
869 1109 947 1140 mens:

142 1175 248 1224 intentius
258 1177 373 1241 inspiciens
382 1180 451 1227 ledlor
461 1196 505 1227 non
515 1180 599 1242 spernet
610 1184 619 1212 ‘
625 1181 695 1227 dum'
706 1195 746 1243 pro
756 1185 765 1212 ‘
773 1180 842 1226 tum.’

142 1299 144 1302 -
175 1267 294 1328 Ver.,794.
318 1268 398 1315 Movet
407 1285 444 1317 me
454 1269 590 1327 Macrobius,
609 1270 697 1318 situm.
708 1269 738 1316 iv.
756 1281 778 1329 5.
797 1269 822 1314 ad
833 1269 889 1315 hanc
899 1271 946 1317 lec·

140 1356 225 1401 tionem
237 1356 390 1417 adoptandam,
406 1368 428 1403 et
439 1358 556 1416 Manilius,
572 1359 589 1404 i.
600 1357 655 1404 822.
673 1358 710 1420 qui
725 1358 766 1403 hoc
780 1356 945 1404 hemistichium

138 1443 261 1506 repetitum
271 1445 337 1492 dedit.
371 1445 427 1493 Satis
443 1447 520 1493 habuit
534 1448 601 1493 Maro
614 1446 741 1493 Homerum
753 1444 838 1492 imitari
850 1446 878 1491 ad
887 1445 945 1491 AEn.

138 1533 171 1580 vi.
184 1545 242 1591 702.
257 1544 279 1580 et
290 1548 338 1581 rem
348 1534 420 1581 voluit
430 1535 521 1591 variare,
533 1550 574 1596 pro
584 1535 648 1597 periti
657 1534 747 1581 artificis
757 1529 850 1580 solertii.

142 1642 145 1648 ¹
172 1621 267 1668 AEneid.
277 1622 313 1676 iii,
328 1638 374 1668 ver.
386 1635 425 1681 70.
445 1622 511 1670 Harid
521 1624 568 1670 ulla
578 1627 649 1671 verior
659 1624 690 1670 est
700 1623 774 1680 leelio,
785 1637 825 1669 nec
834 1637 884 1684 quae
895 1637 946 1670 ma·

138 1711 173 1771 gis
185 1710 332 1770 indignabitur
343 1711 362 1756 se
375 1711 398 1757 in
410 1711 503 1758 dubium
514 1711 597 1769 vocari,
612 1728 651 1776 per
664 1727 741 1758 omnes
751 1713 854 1758 omnium
869 1711 945 1774 po'e‘ta·

138 1814 195 1846 rum
212 1799 286 1856 libros,
301 1795 335 1856 eai,
352 1815 419 1862 quam
429 1800 524 1860 Virgilio
534 1815 561 1846 err
577 1800 686 1846 codicibus
702 1799 843 1866 restituimus.
874 1801 946 1848 Nullo

139 1887 209 1934 modo
225 1887 340 1943 tolerandre
357 1889 410 1940 sunt
420 1889 521 1936 virorum
537 1888 654 1936 dodiorum
670 1888 838 1935 emendationes.
869 1889 946 1936 AElius

139 1977 222 2035 Cinna,
239 1977 296 2040 apud
306 1977 433 2023 Charisrum
446 1977 512 2023 instit.
522 1992 594 2038 gram
610 1978 650 2024 lib.
663 1991 684 2024 r.

272 2068 307 2112 At
318 2067 386 2112 scelus
396 2066 476 2112 incesto
486 2057 579 2128 ‘turpe'
590 2067 695 2114 crescebat
705 2068 729 2113 in
740 2069 797 2115 alvo.

140 2151 212 2201 Recte
222 2154 340 2201 decernunt
350 2154 452 2205 Heinsius
462 2154 488 2200 ad
499 2154 581 2201 Silium
591 2156 626 2201 ix.
641 2168 670 2216 57
674 2168 695 2217 5.
704 2165 726 2202 et
734 2156 845 2202 Bentleius
855 2155 881 2203 ad
890 2157 946 2204 Ma·

141 2246 224 2291 nillum
236 2244 251 2291 i.
263 2257 302 2306 90.
318 2260 372 2307 quos
381 2239 450 2290 lellor
461 2244 530 2291 adeat.
562 2241 598 2291 Iti
609 2245 688 2301 noster,
703 2245 759 2291 AEn.
768 2245 801 2291 vi.
812 2259 869 2305 421.

272 2367 278 2379 .
297 2365 303 2379 .
321 2365 328 2379 .
345 2332 396 2389 Ille,
413 2330 490 2378 iame‘
499 2331 587 2389 rabida,’
603 2334 645 2380 tria
657 2342 746 2392 guttura
756 2332 865 2395 pandens:

141 2438 198 2469 nam
213 2436 265 2467 cave
277 2420 356 2467 dixeris
368 2420 399 2466 ibi
414 2420 454 2466 elle
468 2421 544 2467 ‘sexto
558 2421 621 2467 easu'
636 2420 755 2468 didlionem
774 2423 782 2451 ‘
790 2421 862 2468 rabida
869 2423 886 2481 ς’
903 2421 943 2471 nili

140 2510 197 2558 velis
208 2520 279 2556 totam
292 2508 374 2571 peffum
389 2508 438 2555 dare
453 2508 589 2555 venustatem
603 2509 654 2556 loci.
686 2509 743 2557 Vide
759 2508 816 2556 iniri
827 2526 872 2557 ver.
883 2513 942 2571 464·

140 2600 176 2646 led
187 2599 243 2644 hanc
254 2597 341 2644 caesurae
350 2597 399 2643 vim
409 2606 463 2658 quot
477 2596 571 2643 vertibus
584 2598 696 2657 agnoverit
706 2600 781 2654 Maro,
796 2595 878 2645 nitunt
890 2616 943 2646 om-

140 2702 195 2746 nes,
219 2697 241 2733 et
259 2683 343 2748 quoties
359 2684 466 2733 solicitent
481 2684 565 2733 indodii
585 2680 666 2733 scribe.
711 2686 814 2745 Ovidius,
826 2715 828 2718 -
838 2688 897 2735 Met.
908 2686 943 2735 ix·

142 2778 200 2825 660.

273 2896 287 2920 .,
298 2895 498 2912 .........
513 2862 810 2927 spirantis‘lene’Favonis

141 2956 192 3002 vide
202 2953 321 3001 Heinfium
331 2954 358 3000 ad
366 2954 427 3015 epist.
438 2969 464 3001 ea
475 2954 540 3000 Pont.
552 2954 583 3001 iv,
603 2967 639 2999 ro.
649 2966 692 3015 43.

175 3045 230 3090 Ver.
245 3040 300 3103 348.
320 3042 416 3090 Verium
431 3041 560 3088 exhibemus
573 3042 651 3089 nostris
664 3041 794 3103 conjodluris
810 3043 943 3105 expolitum,

141 3149 204 3196 quas,
219 3142 245 3178 ut
255 3127 326 3192 posted
336 3130 496 3190 intelleximus,
514 3130 596 3193 partim
605 3130 738 3199 confirmant
748 3130 838 3178 codices.
862 3131 945 3190 Facili,

142 3220 227 3270 fiforet
237 3222 260 3266 in
271 3219 333 3266 terris
347 3220 422 3277 Maro,
432 3197 500 3265 ⁴suam
514 3232 609 3264 manum
618 3216 667 3280 jam
680 3233 738 3265 nunc
751 3220 884 3279 agnoscerem
902 3237 944 3267 ne·
979 3225 982 3229 ’

142 3328 185 3377 que
203 3310 348 3361 horridiorem
362 3306 411 3374 saud
421 3308 517 3372 versum,
527 3308 617 3369 vulgato
632 3304 721 3368 temere,
728 3308 826 3375 reperies,
842 3320 864 3359 et
881 3308 946 3375 po'e‘ri
