2250 4050
232 451 289 503 144
549 443 716 503 CIRIS.
942 462 967 502 v,
979 452 1014 514 19.

230 599 301 656 Non
315 598 449 677 equidem
456 623 464 670 3
486 599 617 674 quamvis
629 601 778 659 interdum
791 600 892 660 ludere
903 599 983 669 nobis,

230 703 270 760 Et
283 703 420 779 gracilem
433 701 514 760 molli
526 702 612 761 licent
624 705 698 780 pede
710 704 845 762 claudere
856 703 972 762 versum:

231 805 287 863 Sed
300 824 407 882 magno
419 804 562 875 intexens,
583 805 660 864 fifas
672 806 712 864 etl
726 806 833 878 dicere,
852 807 943 885 peplo,

232 908 338 966 Qualis
350 908 512 966 Erichtheis
524 907 596 966 olim
608 917 740 985 portatur
751 910 889 980 Athenis,

231 1011 339 1070 Debita
351 1032 419 1070 cum
431 1013 512 1070 castae
524 1012 674 1073 solvuntur
686 1024 754 1072 vota
767 1015 918 1084 Minervae,

231 1115 384 1192 Tardaque
396 1117 528 1174 confecto
540 1117 661 1175 redeunt
675 1117 886 1194 Quinquennia
897 1118 981 1185 lustror

232 1219 310 1275 Cum
322 1218 392 1275 levis
404 1219 514 1276 alterno
527 1219 677 1296 Zephyrus
690 1221 859 1279 ooncrebuit
870 1223 949 1290 Euro,

231 1321 271 1378 Et
283 1340 374 1398 prono
386 1322 537 1398 gravidum
548 1323 680 1399 provexit
692 1324 820 1398 pondere
831 1342 949 1383 currum.

232 1423 315 1482 Felix
328 1424 377 1482 ille
390 1425 458 1494 dies,
479 1424 551 1482 felix
565 1435 594 1483 et
607 1425 712 1483 dicitur
724 1445 831 1498 annus;

232 1526 350 1598 Felices,
371 1528 421 1605 qui
432 1528 520 1584 talem
533 1546 643 1585 annum
655 1527 762 1596 videre,
782 1528 924 1608 diemque.

231 1632 310 1708 Ergo
322 1630 454 1689 Palladiae
465 1639 605 1689 texuntur
616 1633 649 1689 in
661 1629 762 1689 ordine
773 1651 896 1710 pugnis:

232 1735 343 1811 Magna
357 1733 507 1810 Giganteis
520 1744 659 1792 ornantur
670 1735 756 1810 pepla
769 1735 897 1812 tropaeis,
1040 1800 1042 1831 r

232 1837 358 1895 Horrida
370 1836 527 1913 sanguineo
539 1838 700 1914 pinguntur
710 1837 810 1916 praelia
824 1856 922 1909 cocco3
1040 1834 1042 1849 ¹

232 1940 369 2010 Additur,
389 1940 488 1998 aurate
500 1939 626 2016 dejectu
638 1938 765 2017 cuspide,
783 1941 900 2017 Typbo,

234 2043 296 2102 Qui
308 2044 396 2120 prius,
416 2043 516 2102 Offaeis
529 2045 708 2103 consternens
720 2044 829 2102 aethera
841 2044 925 2115 saris,
1039 2016 1042 2068 ⁴¹

231 2149 367 2208 Emathio
380 2149 487 2206 celsum
499 2148 667 2223 duplicabat
680 2148 787 2206 vertice
800 2148 961 2226 Olympum·

231 2252 304 2310 Tale
318 2253 378 2310 deae
393 2252 491 2310 velum
503 2251 636 2309 sollemni
647 2251 679 2308 in
693 2260 823 2328 tempore
834 2258 954 2329 portant.

270 2354 338 2412 Tali
351 2363 381 2411 te
393 2354 507 2423 vellem,
523 2347 660 2431 jureuem
672 2353 840 2425 dostiffime,
860 2354 920 2413 ritu

233 2459 390 2534 Purpureos
402 2458 479 2515 inter
491 2457 579 2525 Soles,
598 2466 629 2515 et
640 2456 762 2515 candida
776 2457 869 2515 Lunae

233 2562 341 2630 Sidera,
361 2560 488 2618 caeruleia
499 2562 600 2619 orbem
612 2558 756 2636 pulsantia
768 2559 854 2637 bigis,

231 2664 353 2723 Naturae
366 2681 463 2720 rerum
474 2662 588 2740 magnis
601 2663 730 2721 intexere
742 2662 866 2721 chartis:

231 2770 389 2828 AEternum
403 2768 515 2844 Sophiae
528 2766 714 2844 nonjundtum
722 2766 854 2853 *carmine
865 2783 964 2825 nomeu

231 2872 335 2931 Nostra
349 2881 433 2929 tuum
445 2869 559 2927 senibus
572 2870 737 2946 loqueretur
748 2869 857 2946 pagina
870 2868 960 2928 saeclis-
1040 2845 1042 2872 ἵ

232 2975 296 3044 Sed,
321 2974 459 3050 quoniam
477 2975 515 3031 ad
534 2983 629 3031 tantas
648 2991 727 3030 nunc
745 2972 876 3050 primum
894 2968 1010 3031 nalem
1040 2957 1042 3062 i

310 3087 401 3147 artes3

231 3179 321 3237 Nunc
334 3179 462 3256 primurn
476 3188 588 3237 teneroe
600 3178 750 3236 firmamus
762 3178 864 3237 robore
876 3191 980 3243 nervus

230 3279 303 3338 Haec
317 3290 414 3338 tamen
426 3282 546 3352 interea,
567 3300 632 3356 quae
644 3280 799 3357 possumus,
818 3280 851 3339 in
863 3280 961 3357 quibu
971 3264 1010 3332 fil

230 3381 325 3443 Prima
338 3383 503 3447 rudimenta
513 3393 544 3443 et
556 3382 664 3462 primos
675 3383 827 3461 exegimus
838 3402 937 3458 anum,
