<?xml version="1.0" encoding="UTF-8"?>
<!DOCTYPE html PUBLIC "-//W3C//DTD XHTML 1.0 Transitional//EN"
    "http://www.w3.org/TR/xhtml1/DTD/xhtml1-transitional.dtd">
<html xmlns="http://www.w3.org/1999/xhtml" xml:lang="en" lang="en">
 <head>
  <title>
</title>
<meta http-equiv="Content-Type" content="text/html;charset=utf-8" />
  <meta name='ocr-system' content='tesseract 3.04.00' />
  <meta name='ocr-capabilities' content='ocr_page ocr_carea ocr_par ocr_line ocrx_word'/>
</head>
<body>
  <div class='ocr_page' id='page_1' title='image "./pvirgiliimaroni03marogoog/pvirgiliimaroni03marogoog_0027.png"; bbox 0 0 2250 4050; ppageno 0'>
   <div class='ocr_carea' id='block_1_1' title="bbox 143 470 956 539">
    <p class='ocr_par' dir='ltr' id='par_1_1' title="bbox 143 470 956 539">
     <span class='ocr_line' id='line_1_1' title="bbox 143 470 956 539; baseline -0.001 -9"><span class='ocrx_word' id='word_1_1' title='bbox 143 478 220 530; x_wconf 84' lang='lat' dir='ltr'>v.4.</span> <span class='ocrx_word' id='word_1_2' title='bbox 407 470 633 531; x_wconf 81' lang='lat' dir='ltr'><strong>ECLOGA</strong></span> <span class='ocrx_word' id='word_1_3' title='bbox 671 472 710 531; x_wconf 83' lang='lat' dir='ltr'>V.</span> <span class='ocrx_word' id='word_1_4' title='bbox 919 475 956 539; x_wconf 89' lang='lat'>17</span> 
     </span>
    </p>
   </div>
   <div class='ocr_carea' id='block_1_2' title="bbox 89 649 992 3383">
    <p class='ocr_par' dir='ltr' id='par_1_2' title="bbox 89 649 992 3383">
     <span class='ocr_line' id='line_1_2' title="bbox 490 649 619 687; baseline 0 0"><span class='ocrx_word' id='word_1_5' title='bbox 490 649 619 687; x_wconf 81' lang='lat' dir='ltr'>uorsus.</span> 
     </span>
     <span class='ocr_line' id='line_1_3' title="bbox 141 727 926 814; baseline 0.005 -29"><span class='ocrx_word' id='word_1_6' title='bbox 141 729 192 786; x_wconf 88' lang='lat' dir='ltr'>Tu</span> <span class='ocrx_word' id='word_1_7' title='bbox 205 727 297 806; x_wconf 89' lang='lat' dir='ltr'>major</span> <span class='ocrx_word' id='word_1_8' title='bbox 304 757 313 803; x_wconf 80' lang='lat'>3</span> <span class='ocrx_word' id='word_1_9' title='bbox 336 732 392 790; x_wconf 88' lang='lat' dir='ltr'>tibi</span> <span class='ocrx_word' id='word_1_10' title='bbox 406 752 454 790; x_wconf 88' lang='lat' dir='ltr'>me</span> <span class='ocrx_word' id='word_1_11' title='bbox 466 734 506 790; x_wconf 86' lang='lat' dir='ltr'>est</span> <span class='ocrx_word' id='word_1_12' title='bbox 518 752 635 809; x_wconf 88' lang='lat' dir='ltr'>aequum</span> <span class='ocrx_word' id='word_1_13' title='bbox 647 750 756 814; x_wconf 77' lang='lat' dir='ltr'>parere,</span> <span class='ocrx_word' id='word_1_14' title='bbox 776 729 911 790; x_wconf 85' lang='lat' dir='ltr'>Menalca</span> <span class='ocrx_word' id='word_1_15' title='bbox 917 756 926 802; x_wconf 72' lang='lat'>3</span> 
     </span>
     <span class='ocr_line' id='line_1_4' title="bbox 141 830 931 912; baseline 0.004 -24"><span class='ocrx_word' id='word_1_16' title='bbox 141 830 210 889; x_wconf 87' lang='lat' dir='ltr'>Sive</span> <span class='ocrx_word' id='word_1_17' title='bbox 224 831 277 889; x_wconf 93' lang='lat' dir='ltr'>sub</span> <span class='ocrx_word' id='word_1_18' title='bbox 290 833 423 905; x_wconf 86' lang='lat' dir='ltr'>incertas,</span> <span class='ocrx_word' id='word_1_19' title='bbox 445 836 586 912; x_wconf 87' lang='lat' dir='ltr'>Zephyris</span> <span class='ocrx_word' id='word_1_20' title='bbox 600 835 786 903; x_wconf 87' lang='lat' dir='ltr'>motantibus,</span> <span class='ocrx_word' id='word_1_21' title='bbox 805 835 931 903; x_wconf 88' lang='lat' dir='ltr'>umbras,</span> 
     </span>
     <span class='ocr_line' id='line_1_5' title="bbox 142 935 952 1016; baseline 0.005 -24"><span class='ocrx_word' id='word_1_22' title='bbox 142 935 210 993; x_wconf 82' lang='lat' dir='ltr'>Sive</span> <span class='ocrx_word' id='word_1_23' title='bbox 224 945 308 994; x_wconf 85' lang='lat' dir='ltr'>antro</span> <span class='ocrx_word' id='word_1_24' title='bbox 320 939 428 1014; x_wconf 85' lang='lat' dir='ltr'>potius,</span> <span class='ocrx_word' id='word_1_25' title='bbox 442 938 634 997; x_wconf 77' lang='lat' dir='ltr'>succedimus:</span> <span class='ocrx_word' id='word_1_26' title='bbox 652 937 775 1016; x_wconf 83' lang='lat' dir='ltr'>adspice,</span> <span class='ocrx_word' id='word_1_27' title='bbox 788 947 823 997; x_wconf 85' lang='lat' dir='ltr'>ut</span> <span class='ocrx_word' id='word_1_28' title='bbox 836 948 952 997; x_wconf 73' lang='lat' dir='ltr'>annum</span> 
     </span>
     <span class='ocr_line' id='line_1_6' title="bbox 141 1039 767 1118; baseline 0.002 -21"><span class='ocrx_word' id='word_1_29' title='bbox 141 1039 284 1097; x_wconf 78' lang='lat' dir='ltr'>silvestris</span> <span class='ocrx_word' id='word_1_30' title='bbox 296 1041 368 1098; x_wconf 88' lang='lat' dir='ltr'>raris</span> <span class='ocrx_word' id='word_1_31' title='bbox 381 1040 481 1118; x_wconf 81' lang='lat' dir='ltr'>sparsit</span> <span class='ocrx_word' id='word_1_32' title='bbox 494 1041 623 1099; x_wconf 83' lang='lat' dir='ltr'>labrusca</span> <span class='ocrx_word' id='word_1_33' title='bbox 637 1040 767 1100; x_wconf 84' lang='lat' dir='ltr'>racemis.</span> 
     </span>
     <span class='ocr_line' id='line_1_7' title="bbox 461 1163 636 1204; baseline 0.006 -2"><span class='ocrx_word' id='word_1_34' title='bbox 461 1163 636 1204; x_wconf 72' lang='lat' dir='ltr'>manaseas.</span> 
     </span>
     <span class='ocr_line' id='line_1_8' title="bbox 139 1247 884 1324; baseline -0.001 -17"><span class='ocrx_word' id='word_1_35' title='bbox 139 1247 298 1307; x_wconf 79' lang='lat' dir='ltr'>Montibus</span> <span class='ocrx_word' id='word_1_36' title='bbox 311 1247 343 1305; x_wconf 92' lang='lat' dir='ltr'>in</span> <span class='ocrx_word' id='word_1_37' title='bbox 357 1248 459 1306; x_wconf 85' lang='lat' dir='ltr'>nostris</span> <span class='ocrx_word' id='word_1_38' title='bbox 471 1248 546 1307; x_wconf 89' lang='lat' dir='ltr'>solus</span> <span class='ocrx_word' id='word_1_39' title='bbox 560 1248 615 1306; x_wconf 92' lang='lat' dir='ltr'>tibi</span> <span class='ocrx_word' id='word_1_40' title='bbox 628 1256 719 1306; x_wconf 87' lang='lat' dir='ltr'>certet</span> <span class='ocrx_word' id='word_1_41' title='bbox 731 1248 884 1324; x_wconf 83' lang='lat' dir='ltr'>Amyntas.</span> 
     </span>
     <span class='ocr_line' id='line_1_9' title="bbox 474 1366 603 1411; baseline 0.008 -1"><span class='ocrx_word' id='word_1_42' title='bbox 474 1366 603 1411; x_wconf 78' lang='lat' dir='ltr'>morsus.</span> 
     </span>
     <span class='ocr_line' id='line_1_10' title="bbox 94 1452 928 1531; baseline -0.002 -20"><span class='ocrx_word' id='word_1_43' title='bbox 94 1498 97 1503; x_wconf 84' lang='lat'>.</span> <span class='ocrx_word' id='word_1_44' title='bbox 140 1452 236 1524; x_wconf 82' lang='lat' dir='ltr'>Quid,</span> <span class='ocrx_word' id='word_1_45' title='bbox 251 1454 366 1512; x_wconf 83' lang='lat' dir='ltr'>sridem</span> <span class='ocrx_word' id='word_1_46' title='bbox 378 1462 469 1512; x_wconf 88' lang='lat' dir='ltr'>certet</span> <span class='ocrx_word' id='word_1_47' title='bbox 482 1454 621 1513; x_wconf 85' lang='lat' dir='ltr'>Phoebum</span> <span class='ocrx_word' id='word_1_48' title='bbox 635 1452 766 1531; x_wconf 75' lang='lat' dir='ltr'>superare</span> <span class='ocrx_word' id='word_1_49' title='bbox 779 1452 928 1510; x_wconf 76' lang='lat' dir='ltr'>canendo?</span> 
     </span>
     <span class='ocr_line' id='line_1_11' title="bbox 460 1576 992 1629; baseline -0.006 -13"><span class='ocrx_word' id='word_1_50' title='bbox 460 1576 634 1616; x_wconf 71' lang='lat' dir='ltr'>marsacis.</span> <span class='ocrx_word' id='word_1_51' title='bbox 987 1620 992 1629; x_wconf 50' lang='grc'><em>,</em></span> 
     </span>
     <span class='ocr_line' id='line_1_12' title="bbox 89 1655 949 1763; baseline -0.002 -45"><span class='ocrx_word' id='word_1_52' title='bbox 89 1702 120 1763; x_wconf 35' lang='lat' dir='ltr'>pk„</span> <span class='ocrx_word' id='word_1_53' title='bbox 136 1661 253 1738; x_wconf 74' lang='lat' dir='ltr'>incipe,</span> <span class='ocrx_word' id='word_1_54' title='bbox 272 1659 387 1738; x_wconf 84' lang='lat' dir='ltr'>Mopse,</span> <span class='ocrx_word' id='word_1_55' title='bbox 407 1661 502 1738; x_wconf 90' lang='lat' dir='ltr'>prior:</span> <span class='ocrx_word' id='word_1_56' title='bbox 525 1662 627 1738; x_wconf 85' lang='lat' dir='ltr'>liquos</span> <span class='ocrx_word' id='word_1_57' title='bbox 640 1669 691 1718; x_wconf 88' lang='lat' dir='ltr'>aut</span> <span class='ocrx_word' id='word_1_58' title='bbox 704 1659 844 1736; x_wconf 85' lang='lat' dir='ltr'>Phyllidis</span> <span class='ocrx_word' id='word_1_59' title='bbox 857 1655 949 1737; x_wconf 81' lang='lat' dir='ltr'>ignes,</span> 
     </span>
     <span class='ocr_line' id='line_1_13' title="bbox 94 1750 897 1840; baseline -0.006 -17"><span class='ocrx_word' id='word_1_60' title='bbox 94 1772 102 1789; x_wconf 71' lang='lat'><strong>²</strong></span> <span class='ocrx_word' id='word_1_61' title='bbox 139 1766 206 1823; x_wconf 89' lang='lat' dir='ltr'>Aut</span> <span class='ocrx_word' id='word_1_62' title='bbox 220 1764 342 1822; x_wconf 88' lang='lat' dir='ltr'>Alconis</span> <span class='ocrx_word' id='word_1_63' title='bbox 355 1763 443 1822; x_wconf 87' lang='lat' dir='ltr'>habes</span> <span class='ocrx_word' id='word_1_64' title='bbox 455 1765 562 1835; x_wconf 85' lang='lat' dir='ltr'>laudes,</span> <span class='ocrx_word' id='word_1_65' title='bbox 583 1772 634 1821; x_wconf 83' lang='lat' dir='ltr'>aut</span> <span class='ocrx_word' id='word_1_66' title='bbox 642 1761 739 1840; x_wconf 76' lang='lat' dir='ltr'>jurgia</span> <span class='ocrx_word' id='word_1_67' title='bbox 752 1760 851 1819; x_wconf 88' lang='lat' dir='ltr'>Codri.</span> <span class='ocrx_word' id='word_1_68' title='bbox 894 1750 897 1759; x_wconf 66' lang='grc'>’</span> 
     </span>
     <span class='ocr_line' id='line_1_14' title="bbox 138 1860 811 1944; baseline -0.003 -20"><span class='ocrx_word' id='word_1_69' title='bbox 138 1865 259 1944; x_wconf 89' lang='lat' dir='ltr'>Incipe:</span> <span class='ocrx_word' id='word_1_70' title='bbox 281 1860 425 1944; x_wconf 86' lang='lat' dir='ltr'>pascentis</span> <span class='ocrx_word' id='word_1_71' title='bbox 437 1865 560 1925; x_wconf 82' lang='lat' dir='ltr'>servabit</span> <span class='ocrx_word' id='word_1_72' title='bbox 572 1865 692 1942; x_wconf 81' lang='lat' dir='ltr'>Tityrus</span> <span class='ocrx_word' id='word_1_73' title='bbox 705 1865 811 1922; x_wconf 84' lang='lat' dir='ltr'>haedos.</span> 
     </span>
     <span class='ocr_line' id='line_1_15' title="bbox 485 1988 614 2029; baseline -0.008 0"><span class='ocrx_word' id='word_1_74' title='bbox 485 1988 614 2029; x_wconf 78' lang='lat' dir='ltr'>morsus.</span> 
     </span>
     <span class='ocr_line' id='line_1_16' title="bbox 140 2072 856 2151; baseline -0.001 -19"><span class='ocrx_word' id='word_1_75' title='bbox 140 2077 240 2133; x_wconf 90' lang='lat' dir='ltr'>Immo</span> <span class='ocrx_word' id='word_1_76' title='bbox 253 2073 325 2142; x_wconf 86' lang='lat' dir='ltr'>haec,</span> <span class='ocrx_word' id='word_1_77' title='bbox 345 2073 476 2131; x_wconf 84' lang='lat' dir='ltr'>inviridi</span> <span class='ocrx_word' id='word_1_78' title='bbox 489 2091 583 2151; x_wconf 84' lang='lat' dir='ltr'>nuper</span> <span class='ocrx_word' id='word_1_79' title='bbox 595 2091 661 2149; x_wconf 85' lang='lat' dir='ltr'>quae</span> <span class='ocrx_word' id='word_1_80' title='bbox 674 2072 780 2131; x_wconf 90' lang='lat' dir='ltr'>cortice</span> <span class='ocrx_word' id='word_1_81' title='bbox 794 2072 856 2149; x_wconf 80' lang='lat' dir='ltr'>sagi</span> 
     </span>
     <span class='ocr_line' id='line_1_17' title="bbox 140 2175 892 2253; baseline -0.001 -18"><span class='ocrx_word' id='word_1_82' title='bbox 140 2176 281 2235; x_wconf 89' lang='lat' dir='ltr'>Carmina</span> <span class='ocrx_word' id='word_1_83' title='bbox 295 2175 435 2253; x_wconf 87' lang='lat' dir='ltr'>descripfi‚</span> <span class='ocrx_word' id='word_1_84' title='bbox 456 2188 486 2241; x_wconf 84' lang='lat' dir='ltr'>et</span> <span class='ocrx_word' id='word_1_85' title='bbox 498 2176 649 2236; x_wconf 89' lang='lat' dir='ltr'>modulans</span> <span class='ocrx_word' id='word_1_86' title='bbox 663 2177 772 2236; x_wconf 87' lang='lat' dir='ltr'>alterna</span> <span class='ocrx_word' id='word_1_87' title='bbox 785 2176 892 2246; x_wconf 84' lang='lat' dir='ltr'>notavi,</span> 
     </span>
     <span class='ocr_line' id='line_1_18' title="bbox 140 2278 854 2357; baseline -0.003 -19"><span class='ocrx_word' id='word_1_88' title='bbox 140 2279 298 2357; x_wconf 68' lang='lat' dir='ltr'>Experiar:</span> <span class='ocrx_word' id='word_1_89' title='bbox 322 2288 355 2335; x_wconf 92' lang='lat' dir='ltr'>tu</span> <span class='ocrx_word' id='word_1_90' title='bbox 368 2278 473 2336; x_wconf 90' lang='lat' dir='ltr'>deinde</span> <span class='ocrx_word' id='word_1_91' title='bbox 481 2278 584 2356; x_wconf 85' lang='lat' dir='ltr'>jubeto</span> <span class='ocrx_word' id='word_1_92' title='bbox 597 2287 688 2336; x_wconf 86' lang='lat' dir='ltr'>certet</span> <span class='ocrx_word' id='word_1_93' title='bbox 701 2279 854 2356; x_wconf 87' lang='lat' dir='ltr'>Amyntas.</span> 
     </span>
     <span class='ocr_line' id='line_1_19' title="bbox 108 2379 633 2439; baseline -0.002 1"><span class='ocrx_word' id='word_1_94' title='bbox 108 2379 111 2384; x_wconf 49' lang='lat'><strong>⁴</strong></span> <span class='ocrx_word' id='word_1_95' title='bbox 459 2399 633 2439; x_wconf 75' lang='lat' dir='ltr'>manaseas.</span> 
     </span>
     <span class='ocr_line' id='line_1_20' title="bbox 139 2477 803 2560; baseline -0.008 -16"><span class='ocrx_word' id='word_1_96' title='bbox 139 2488 235 2544; x_wconf 87' lang='lat' dir='ltr'>Lenta</span> <span class='ocrx_word' id='word_1_97' title='bbox 248 2483 321 2542; x_wconf 87' lang='lat' dir='ltr'>salix</span> <span class='ocrx_word' id='word_1_98' title='bbox 334 2493 474 2560; x_wconf 89' lang='lat' dir='ltr'>quantum</span> <span class='ocrx_word' id='word_1_99' title='bbox 487 2484 609 2560; x_wconf 88' lang='lat' dir='ltr'>pallenti</span> <span class='ocrx_word' id='word_1_100' title='bbox 622 2477 699 2539; x_wconf 80' lang='lat' dir='ltr'>cedit</span> <span class='ocrx_word' id='word_1_101' title='bbox 711 2481 803 2550; x_wconf 76' lang='lat' dir='ltr'>olivae,</span> 
     </span>
     <span class='ocr_line' id='line_1_21' title="bbox 140 2584 827 2661; baseline -0.009 -14"><span class='ocrx_word' id='word_1_102' title='bbox 140 2586 275 2647; x_wconf 89' lang='lat' dir='ltr'>Puniceis</span> <span class='ocrx_word' id='word_1_103' title='bbox 288 2586 406 2643; x_wconf 86' lang='lat' dir='ltr'>humilis</span> <span class='ocrx_word' id='word_1_104' title='bbox 420 2596 561 2661; x_wconf 89' lang='lat' dir='ltr'>quantum</span> <span class='ocrx_word' id='word_1_105' title='bbox 575 2585 700 2642; x_wconf 87' lang='lat' dir='ltr'>saliunca</span> <span class='ocrx_word' id='word_1_106' title='bbox 713 2584 827 2656; x_wconf 75' lang='lat' dir='ltr'>rosetis5</span> 
     </span>
     <span class='ocr_line' id='line_1_22' title="bbox 139 2686 819 2768; baseline -0.001 -21"><span class='ocrx_word' id='word_1_107' title='bbox 139 2688 258 2768; x_wconf 89' lang='lat' dir='ltr'>Judicio</span> <span class='ocrx_word' id='word_1_108' title='bbox 271 2688 365 2746; x_wconf 84' lang='lat' dir='ltr'>nostro</span> <span class='ocrx_word' id='word_1_109' title='bbox 378 2696 492 2745; x_wconf 90' lang='lat' dir='ltr'>tantum</span> <span class='ocrx_word' id='word_1_110' title='bbox 506 2688 561 2745; x_wconf 92' lang='lat' dir='ltr'>tibi</span> <span class='ocrx_word' id='word_1_111' title='bbox 574 2686 653 2744; x_wconf 90' lang='lat' dir='ltr'>cedit</span> <span class='ocrx_word' id='word_1_112' title='bbox 665 2687 819 2763; x_wconf 87' lang='lat' dir='ltr'>Amyntas.</span> 
     </span>
     <span class='ocr_line' id='line_1_23' title="bbox 356 2790 612 2848; baseline -0.006 0"><span class='ocrx_word' id='word_1_113' title='bbox 356 2790 359 2794; x_wconf 70' lang='grc'>’</span> <span class='ocrx_word' id='word_1_114' title='bbox 484 2810 612 2848; x_wconf 82' lang='lat' dir='ltr'>Morsus.</span> 
     </span>
     <span class='ocr_line' id='line_1_24' title="bbox 140 2871 867 2971; baseline -0.003 -18"><span class='ocrx_word' id='word_1_115' title='bbox 140 2896 198 2953; x_wconf 87' lang='lat' dir='ltr'>Sed</span> <span class='ocrx_word' id='word_1_116' title='bbox 212 2904 245 2953; x_wconf 90' lang='lat' dir='ltr'>tu</span> <span class='ocrx_word' id='word_1_117' title='bbox 258 2895 353 2952; x_wconf 83' lang='lat' dir='ltr'>define</span> <span class='ocrx_word' id='word_1_118' title='bbox 365 2893 456 2971; x_wconf 89' lang='lat' dir='ltr'>plura,</span> <span class='ocrx_word' id='word_1_119' title='bbox 476 2912 547 2971; x_wconf 91' lang='lat' dir='ltr'>puer</span> <span class='ocrx_word' id='word_1_120' title='bbox 552 2919 560 2964; x_wconf 90' lang='lat'>;</span> <span class='ocrx_word' id='word_1_121' title='bbox 583 2871 761 2950; x_wconf 79' lang='lat' dir='ltr'>suceeffimus</span> <span class='ocrx_word' id='word_1_122' title='bbox 774 2900 867 2951; x_wconf 79' lang='lat' dir='ltr'>antro.</span> 
     </span>
     <span class='ocr_line' id='line_1_25' title="bbox 181 2993 911 3074; baseline -0.005 -18"><span class='ocrx_word' id='word_1_123' title='bbox 181 2998 362 3056; x_wconf 75' lang='lat' dir='ltr'>Exstinttum</span> <span class='ocrx_word' id='word_1_124' title='bbox 374 2997 520 3074; x_wconf 89' lang='lat' dir='ltr'>Nymphae</span> <span class='ocrx_word' id='word_1_125' title='bbox 533 2995 644 3053; x_wconf 88' lang='lat' dir='ltr'>crudeli</span> <span class='ocrx_word' id='word_1_126' title='bbox 657 2997 759 3053; x_wconf 85' lang='lat' dir='ltr'>sunere</span> <span class='ocrx_word' id='word_1_127' title='bbox 772 2993 911 3072; x_wconf 81' lang='lat' dir='ltr'>Daphnin</span> 
     </span>
     <span class='ocr_line' id='line_1_26' title="bbox 139 3098 943 3176; baseline -0.001 -17"><span class='ocrx_word' id='word_1_128' title='bbox 139 3102 278 3160; x_wconf 85' lang='lat' dir='ltr'>Flebant:</span> <span class='ocrx_word' id='word_1_129' title='bbox 301 3119 359 3168; x_wconf 88' lang='lat' dir='ltr'>vos,</span> <span class='ocrx_word' id='word_1_130' title='bbox 371 3100 472 3167; x_wconf 85' lang='lat' dir='ltr'>coruli,</span> <span class='ocrx_word' id='word_1_131' title='bbox 488 3099 580 3166; x_wconf 78' lang='lat' dir='ltr'>testea,</span> <span class='ocrx_word' id='word_1_132' title='bbox 593 3106 623 3154; x_wconf 87' lang='lat' dir='ltr'>et</span> <span class='ocrx_word' id='word_1_133' title='bbox 636 3098 767 3165; x_wconf 90' lang='lat' dir='ltr'>flumina,</span> <span class='ocrx_word' id='word_1_134' title='bbox 781 3099 943 3176; x_wconf 84' lang='lat' dir='ltr'>Nymphis:</span> 
     </span>
     <span class='ocr_line' id='line_1_27' title="bbox 140 3200 840 3278; baseline -0.003 -17"><span class='ocrx_word' id='word_1_135' title='bbox 140 3206 255 3270; x_wconf 80' lang='lat' dir='ltr'>Quum,</span> <span class='ocrx_word' id='word_1_136' title='bbox 275 3201 413 3278; x_wconf 83' lang='lat' dir='ltr'>conplexa</span> <span class='ocrx_word' id='word_1_137' title='bbox 426 3201 469 3258; x_wconf 85' lang='lat' dir='ltr'>sui</span> <span class='ocrx_word' id='word_1_138' title='bbox 482 3220 583 3277; x_wconf 90' lang='lat' dir='ltr'>corpus</span> <span class='ocrx_word' id='word_1_139' title='bbox 596 3200 756 3257; x_wconf 88' lang='lat' dir='ltr'>miserabile</span> <span class='ocrx_word' id='word_1_140' title='bbox 769 3201 840 3269; x_wconf 86' lang='lat' dir='ltr'>nati,</span> 
     </span>
     <span class='ocr_line' id='line_1_28' title="bbox 139 3302 913 3383; baseline -0.004 -18"><span class='ocrx_word' id='word_1_141' title='bbox 139 3308 241 3383; x_wconf 87' lang='lat' dir='ltr'>Atque</span> <span class='ocrx_word' id='word_1_142' title='bbox 255 3305 322 3364; x_wconf 85' lang='lat' dir='ltr'>deos</span> <span class='ocrx_word' id='word_1_143' title='bbox 335 3314 422 3380; x_wconf 88' lang='lat' dir='ltr'>atque</span> <span class='ocrx_word' id='word_1_144' title='bbox 435 3302 505 3362; x_wconf 80' lang='lat' dir='ltr'>astra</span> <span class='ocrx_word' id='word_1_145' title='bbox 516 3310 600 3360; x_wconf 88' lang='lat' dir='ltr'>vocat</span> <span class='ocrx_word' id='word_1_146' title='bbox 613 3302 738 3362; x_wconf 85' lang='lat' dir='ltr'>crudelia</span> <span class='ocrx_word' id='word_1_147' title='bbox 752 3314 856 3365; x_wconf 81' lang='lat' dir='ltr'>mater.</span> <span class='ocrx_word' id='word_1_148' title='bbox 908 3320 913 3327; x_wconf 82' lang='grc'><strong>’</strong></span> 
     </span>
    </p>
   </div>
   <div class='ocr_carea' id='block_1_3' title="bbox 530 3426 547 3466">
    <p class='ocr_par' dir='ltr' id='par_1_3' title="bbox 530 3426 547 3466">
     <span class='ocr_line' id='line_1_29' title="bbox 530 3426 547 3466; baseline 0 0"><span class='ocrx_word' id='word_1_149' title='bbox 530 3426 547 3466; x_wconf 79' lang='lat' dir='ltr'>C</span> 
     </span>
    </p>
   </div>
   <div class='ocr_carea' id='block_1_4' title="bbox 0 0 1130 4050">
    <p class='ocr_par' dir='ltr' id='par_1_4' title="bbox 0 0 1130 4050">
     <span class='ocr_line' id='line_1_30' title="bbox 0 0 1130 4050; baseline 0 0"><span class='ocrx_word' id='word_1_150' title='bbox 0 0 1130 4050; x_wconf 95' lang='lat' dir='ltr'> </span> 
     </span>
    </p>
   </div>
  </div>
 </body>
</html>
