2250 4050
206 486 227 537 4
454 478 756 545 BUCOLICA,
918 477 1003 543 mbo.

208 631 247 688 Et
259 630 330 688 freta
344 632 494 690 destituent
507 635 597 691 nudos
610 633 641 691 in
654 632 737 690 litore
750 629 850 708 piscis;

208 734 295 801 Ante,
315 735 463 810 pererratis
476 738 626 794 amborum
639 735 754 801 finibus,
774 732 856 790 exsul
967 749 969 752 ⁴
1022 716 1024 720 ⁸

207 837 270 894 Aut
282 837 399 895 Ararim
412 839 531 895 Parthus
545 837 632 904 bibet,
643 846 692 894 aut
705 834 863 892 Germania
875 835 992 912 Tigrim
996 859 1004 907 ς

209 938 308 996 Quam
319 938 412 997 nossro
425 939 501 996 illius
514 939 626 996 labatur
639 938 752 1014 pestore
764 937 868 996 voltus.

520 1061 697 1099 uaeramus.

208 1145 252 1202 At
264 1163 314 1201 nos
327 1143 395 1201 hinc
409 1143 458 1200 alii
472 1143 591 1202 sitientis
604 1143 710 1201 ibimus
724 1142 825 1213 Afros5

170 1292 173 1296 -
208 1248 274 1305 Pars
282 1246 428 1322 Scythiam
437 1255 466 1303 et
478 1246 611 1322 rapidum
621 1246 713 1303 Cretae
722 1244 870 1302 veniemus
883 1245 1002 1313 Oaxen,

208 1350 246 1407 Et
258 1350 371 1425 penitus
385 1359 444 1405 toto
457 1347 558 1406 divisos
572 1351 639 1406 orbe
650 1347 811 1405 Britannos.

209 1451 270 1509 Enl
294 1470 432 1528 umquam
445 1451 551 1527 patrios
562 1451 649 1526 longo
661 1449 722 1526 post
736 1458 864 1525 tempore
877 1450 954 1521 finis,
1043 1521 1044 1527 ἵ

208 1553 343 1629 Pauperis
356 1562 386 1609 et
399 1553 495 1628 tuguri
508 1553 672 1628 congestum
685 1551 789 1628 cespite
802 1553 929 1620 culmen,

209 1655 272 1712 Post
284 1654 400 1731 aliquot,
414 1673 478 1712 mea
492 1672 578 1728 regna
591 1655 689 1711 videns
702 1654 836 1722 mirabor,
850 1655 965 1712 aristas?

207 1758 308 1835 Inpius
320 1758 382 1814 haec
394 1765 453 1815 tam
466 1757 541 1813 culta
555 1756 667 1815 novalia
680 1757 761 1815 miles
773 1754 913 1814 habebit?

208 1861 345 1918 Barbarus
358 1859 409 1916 has
422 1859 544 1934 segetes?
566 1860 618 1916 eni
641 1878 698 1933 quo
711 1858 849 1916 discordia
862 1859 934 1918 civis

208 1961 345 2019 Perduxit
356 1960 484 2017 miseros!
506 1978 552 2029 en,
566 1961 630 2036 quis
643 1960 818 2017 consevimus
831 1963 928 2037 agros!

208 2064 302 2122 Insere
315 2082 400 2131 nunc,
420 2063 567 2130 Meliboee,
586 2064 674 2139 piros!
691 2082 771 2139 -pone
784 2063 884 2121 ordine
894 2065 973 2122 vitisl

208 2167 261 2234 Ite,
281 2185 361 2234 meae,
381 2165 452 2222 felix
466 2165 611 2240 quondam
624 2184 717 2241 pecus,
737 2165 786 2232 ite,
807 2168 936 2241 capellae:

207 2268 277 2327 Non
291 2287 346 2343 ego
358 2287 407 2325 vos
420 2267 543 2343 posthac,
557 2266 643 2323 viridi
656 2265 795 2342 projectus
807 2267 840 2324 in
853 2277 947 2339 antro,

207 2369 335 2429 Dumosi
347 2370 471 2446 pendere
484 2370 582 2445 procul
596 2370 632 2425 de
645 2387 715 2443 rupe
728 2369 841 2427 videbo.

208 2474 344 2531 Carmina
357 2472 437 2530 nulla
450 2484 565 2529 canam:
587 2490 655 2539 non,
666 2487 713 2528 me
722 2469 866 2546 pascente,
879 2474 996 2550 capelle,

207 2576 371 2633 Florentem
384 2574 508 2650 cytisum
520 2581 549 2631 et
562 2572 661 2629 salices
673 2571 794 2647 carpetis
806 2590 927 2633 amaras.

532 2690 678 2734 marsus.

207 2781 268 2841 Hic
277 2792 375 2840 tamen
384 2781 459 2839 hanc
468 2795 583 2838 mecum
592 2779 698 2855 poteris
706 2778 882 2854 requiescere
891 2782 997 2839 nostem

207 2885 319 2945 Fronde
332 2885 415 2960 super
427 2882 512 2940 viridi
518 2906 527 2953 5
548 2881 616 2940 sunt
628 2882 710 2939 nobis
723 2881 805 2939 mitia
818 2901 914 2959 poma,

208 2990 353 3047 Castanea
365 2986 475 3053 molles,
494 2992 525 3041 et
535 2982 617 3059 prelii
631 2983 713 3060 copia
725 2984 820 3041 lauis:

209 3093 247 3150 Et
255 3090 317 3166 jam
331 3088 440 3145 summa
453 3086 553 3162 procul
566 3086 700 3143 villarum
712 3086 840 3144 culmina
854 3088 975 3159 inurant,

210 3190 391 3267 Majoresque
403 3188 510 3247 cadunt
522 3187 587 3246 altis
600 3188 636 3244 de
649 3187 795 3247 montibus
807 3191 926 3250 umbrae.
