2250 4050
465 433 510 481 IN
541 432 793 482 VIRGILIUM

225 590 337 637 compares
347 575 394 622 Ect
405 575 436 622 vi.
452 589 492 638 73.
511 576 568 623 AEn.
578 576 609 623 vi.
627 575 684 635 878.
715 576 756 623 Sed
765 590 826 622 error
835 575 866 621 est
877 589 915 636 pro
929 575 937 602 ‘
944 567 1004 617 nilm'

257 665 313 712 Ver.
327 664 380 711 126.
407 663 442 712 Iti
461 665 762 721 pronuntiamus,
779 665 848 712 indit.
859 679 882 710 v.
899 677 920 726 ς.
947 655 1006 706 nlidr

225 753 313 810 Seneca,
329 753 391 814 epist.
401 768 438 799 xc.
1043 788 1045 793 .

256 841 312 888 Ver.
334 841 388 902 136.
424 843 506 904 Sequor
526 843 627 889 ordinem
646 839 747 888 editionis
766 842 847 888 nostrae
865 839 1006 893 vetustissima,

223 927 294 992 qudm
305 930 349 976 duo
359 930 489 976 substantiva
500 930 574 977 minds
584 927 690 976 concinne
699 930 834 992 separentur.

257 1021 310 1066 Ver.
326 1017 379 1079 196.
405 1016 440 1065 Iti
453 1019 593 1075 Brunckius;
604 1019 670 1081 ¹quod
679 1029 702 1065 et
713 1017 758 1079 ipse
768 1018 857 1065 seorfim
868 1018 967 1064 videram.

256 1108 309 1154 Ver.
320 1120 376 1154 200.
401 1104 502 1154 Fidentdr
516 1107 650 1168 reposuimus
660 1106 822 1153 divinationem
837 1107 931 1166 nostram
941 1101 1009 1150 duddo

224 1195 355 1258 propositam
365 1205 389 1242 et
399 1197 510 1242 munitam
520 1196 639 1258 exemplis:
655 1191 698 1257 qud
709 1196 772 1242 nulla
783 1196 855 1242 verior
867 1195 935 1256 optari
947 1192 1009 1256 petel·

223 1285 277 1332 Vox
288 1287 379 1330 ‘ruere'
391 1285 415 1331 in
425 1285 446 1330 se
457 1285 571 1331 notionem
582 1284 646 1330 habet
662 1281 752 1346 perfedli
763 1283 879 1344 cujusdam
893 1294 954 1344 atque
963 1281 1010 1327 allo·

222 1375 274 1431 luti,
289 1375 347 1436 quod
361 1375 439 1434 gradus
450 1375 550 1436 respuat:
569 1372 634 1432 unde,
650 1374 752 1436 quamvis
762 1374 847 1420 bonum
859 1373 926 1421 luerit
935 1377 943 1404 ‘
951 1369 1010 1419 nrert'

221 1479 261 1528 per
277 1465 306 1521 le,
327 1468 407 1511 ‘ruere
422 1465 446 1510 in
462 1464 535 1526 pejus’
556 1460 652 1510 minime
667 1462 719 1510 ferri
735 1464 811 1524 potest.
844 1463 932 1519 Livius,
947 1477 968 1508 x.
982 1458 1012 1508 al·

223 1555 342 1601 Gallorum
358 1551 448 1616 quidem
462 1551 533 1600 etiim
547 1568 645 1615 corpora,
665 1551 855 1600 intolerantiffirna
870 1551 948 1598 laboris
961 1553 1013 1612 atqu

223 1640 295 1700 eilde,
312 1647 320 1673 ‘
329 1642 412 1689 fluere?
446 1642 560 1702 Sophocles
570 1642 641 1688 Eleel.
659 1639 729 1688 100⁶.

354 1742 412 1792 Ημιν
421 1733 442 1778 δ’
452 1733 545 1795 αποςριι,
562 1735 618 1779 adm
628 1732 695 1793 perdar
704 1748 803 1795 ιρχετιι.

223 1819 360 1878 letrannus,
376 1821 402 1867 de
412 1831 479 1868 mort.
492 1837 547 1883 pers.
559 1833 601 1880 24.
621 1821 699 1885 “Jam
707 1821 864 1883 propinquavit
875 1820 908 1867 illi
918 1818 1014 1882 judicium

223 1911 282 1968 Dei,
300 1911 442 1972 secutumque
452 1921 539 1972 tempus
549 1912 589 1967 est,
605 1926 650 1972 quo
666 1925 698 1956 ret
711 1909 758 1970 ejus
774 1910 873 1956 ‘dilabi'
892 1927 917 1957 ac
931 1905 1013 1956 ‘fluere'

222 2008 345 2061 coeperunt·
372 1999 471 2048 Velleius
481 2000 616 2057 Paterculus,
634 1999 658 2046 ii.
678 2001 714 2046 16.
724 2012 749 2059 4.
767 1997 907 2047 ‘fluentem'
921 1979 1014 2063 procdm·

223 2089 354 2151 dentemque
367 2088 540 2152 rempublicam:
563 2088 600 2134 ubi
611 2088 709 2135 consulas
719 2089 896 2146 Ruhnkeniurn,
906 2100 937 2146 et,
946 2089 961 2135 ti
971 2086 1014 2134 velia

223 2180 295 2240 plura,
317 2180 414 2226 nostram
425 2178 548 2237 Georgicon
565 2178 692 2224 editionem.
724 2178 769 2224 fl:
786 2194 851 2225 voees
861 2178 1014 2226 confunduntur

222 2264 291 2314 etiim
302 2268 375 2314 scribis
384 2268 410 2313 ad
419 2268 474 2314 AEn.
487 2267 517 2313 xi.
535 2265 590 2326 236.
803 2257 806 2266 ⁴

255 2358 312 2405 Ver.
323 2369 379 2416 213.
406 2352 442 2402 Itd
452 2356 504 2415 legit
513 2352 582 2401 etiim
593 2355 659 2402 editio
670 2355 741 2401 nostra
752 2356 905 2404 vetustiffima.

255 2447 309 2493 Ver.
321 2458 376 2507 243.
401 2445 506 2502 Dillinxl,
522 2455 548 2490 ut
562 2460 613 2491 vera
627 2445 767 2502 constmttro,
785 2462 836 2507 quae
853 2448 927 2505 latuit,
944 2446 1014 2495 elmes-

221 2545 265 2581 cat.
300 2535 361 2581 Ordo
370 2534 446 2598 plenus
456 2533 484 2579 fic
495 2533 605 2580 sehabet:
622 2538 641 2563 “
648 2536 682 2580 At
692 2534 765 2590 illum,
782 2536 820 2596 qui
831 2537 863 2582 est
873 2537 914 2583 sub
927 2538 1013 2599 pedibua

162 2653 165 2659 ·
223 2625 279 2686 Styx
296 2624 379 2671 videt.”
421 2624 520 2671 Invicem
540 2634 679 2686 opponuntur
695 2624 750 2670 ‘sub
766 2625 875 2686 pedibus,'
901 2645 949 2691 quae
962 2640 1013 2674 voce

221 2711 323 2775 adjedlivi
335 2712 405 2759 officio
416 2710 547 2771 funguntur,
563 2723 586 2758 et
596 2712 724 2758 ‘sublimio’

253 2804 309 2850 Ver.
322 2819 336 2850 2
340 2815 378 2863 51.
402 2801 465 2848 Olim
476 2800 524 2847 dedi
534 2798 640 2847 veriffimt
651 2802 706 2847 hanc
716 2800 835 2849 letlionem
844 2818 873 2851 ex
884 2806 1013 2859 divinatione,

220 2891 303 2938 nescius
314 2888 344 2937 itl
354 2887 426 2937 ciriffe
437 2891 541 2936 Senecam
552 2889 577 2935 in
587 2889 640 2951 epist
658 2889 726 2935 cxxii.

254 2982 307 3027 Ver.
320 2993 374 3041 334.
401 2983 410 3010 ⁴
416 2978 517 3038 Plangit,’
534 2978 548 3025 i.
557 2994 577 3025 e.
586 2978 688 3046 Jupiter:
706 2978 767 3024 adeas
775 2995 816 3025 nos
824 2980 851 3027 ad
862 2982 949 3030 Horatii
958 2980 1012 3044 epod·

220 3083 244 3114 x.
261 3067 283 3114 8.

252 3157 306 3203 Ver.
319 3155 374 3217 438.
401 3155 512 3202 ‘Condit’
528 3170 577 3203 vera
587 3156 618 3202 est
628 3156 707 3203 ledlio:
725 3156 800 3205 confer
810 3174 856 3205 ver.
869 3174 926 3220 427.

252 3245 306 3291 Ver.
317 3256 372 3306 441.
399 3245 445 3291 Has
462 3244 630 3300 emendationes,
644 3244 701 3290 olim
710 3260 738 3291 ex
752 3244 881 3305 conjedlnrd
896 3250 957 3297 nobis
967 3264 1009 3311 pro·

220 3331 305 3395 positas,
321 3328 443 3395 postqudm
453 3331 506 3380 fatti
517 3332 585 3380 limus
598 3332 708 3392 certiores,
717 3335 798 3397 partim
810 3338 880 3399 MSS,
890 3340 969 3402 partim
979 3338 1010 3385 in·
