2250 4050
408 435 412 445 ·
458 425 664 474 NOTULAE.

163 583 216 613 uam
228 566 282 614 nihil
298 578 374 628 agunt,
390 585 440 630 quar
456 569 581 617 cumulavit
591 567 783 617 Dmkeuborchius
796 568 823 615 ml
833 568 872 615 vii.
884 581 923 630 90.
938 579 961 616 et

163 657 305 703 Burmannus
317 658 340 702 iu
351 655 497 718 Anthologil.
920 710 922 716 ¹

195 746 253 791 Vll.
278 758 299 805 5.
324 742 359 791 Iti
377 746 474 793 videram
493 763 546 793 cum
565 748 695 794 Burmanno
712 747 847 793 scribendum
863 747 918 793 esse:
942 755 966 792 et

163 831 219 879 sorti
230 834 321 889 ‘uerba'
334 835 357 880 in
367 851 381 880 v
396 850 413 880 r.
427 852 448 881 z.
465 835 523 882 mall
535 846 634 882 mutatur
645 835 668 882 in
679 835 773 891 ‘turbas
789 835 842 881 cirm
853 836 879 881 de
890 833 972 881 humi·⁴

164 923 235 978 nibus,
252 923 290 984 qui
301 923 349 969 sunt
366 939 426 969 mera
436 938 480 969 vot
491 934 513 970 et
523 925 580 970 nihil
591 921 703 985 praeterei,
719 924 775 970 nihil
786 925 843 971 ultra
854 919 967 986 ιυμέιλον

165 1011 285 1070 analaugn,
301 1010 351 1071 apti
363 1011 475 1073 usurpetur
486 1012 560 1059 dislio.

196 1100 249 1145 Ver.
262 1098 285 1146 6.
309 1099 374 1146 Haud
384 1098 498 1147 invenusti
509 1101 629 1161 scripseris:

294 1190 375 1250 Tuque
385 1190 410 1235 οἵ
430 1205 540 1247 mearum,
556 1190 633 1236 ‘care’
650 1190 722 1248 Sexte,
737 1204 857 1237 curarumr

166 1277 182 1322 i.
194 1293 216 1322 e.
236 1292 279 1322 una
289 1292 317 1322 ex
330 1278 384 1324 meis
394 1279 458 1324 curis.

198 1365 253 1414 Ver.
268 1379 305 1412 10.
328 1366 365 1412 Ad
378 1382 479 1413 normam
489 1367 568 1414 codicis
577 1369 673 1430 supplere
683 1378 782 1429 poteras:

295 1455 415 1516 Vitamque
425 1456 452 1500 ab
462 1457 524 1502 omni
536 1455 690 1502 ‘vindicamus
700 1456 763 1503 hiuc’
774 1452 838 1502 auri.

197 1544 251 1589 l'cr.
265 1557 301 1589 11.
324 1544 411 1589 Scribo:

294 1633 328 1677 lte
338 1632 398 1687 hinc,
415 1633 541 1692 Camoeuae3
559 1648 598 1679 vos
609 1649 694 1696 quoque
705 1634 743 1690 ite,
756 1649 804 1691 voe,
820 1635 902 1692 suaves,

294 1724 376 1769 Dulces
385 1724 501 1770 Camoeuae
510 1741 516 1770 ε

166 1829 209 1859 non
222 1812 303 1858 inscitae
313 1812 362 1857 sunt
374 1812 509 1872 repetitiones
519 1812 541 1858 in
551 1821 599 1857 tam
609 1813 673 1859 molli
683 1813 752 1859 versu.
775 1815 792 1843 “
799 1812 892 1859 Suaves’
903 1811 964 1859 dixi?

166 1906 183 1931 “
196 1901 241 1948 iuni
253 1907 259 1932 ‘
269 1903 354 1948 dulces'
366 1902 504 1948 Camoenae.''
538 1902 613 1960 Surgit
622 1902 706 1948 oratio:
724 1901 773 1947 vide
782 1901 923 1949 Macrobium
933 1901 967 1948 sa·

165 2000 225 2038 turn.
236 1992 274 2038 vii.
292 2004 314 2051 7.
331 1991 405 2037 versus
415 1990 494 2036 finem.

198 2084 243 2129 IX.
265 2096 285 2128 1.
308 2081 449 2128 Construslio
459 2081 503 2126 est:
515 2085 532 2111 “
542 2080 566 2127 Si
578 2079 629 2126 licet
640 2081 695 2127 ‘ut'
706 2081 748 2127 hoc
758 2080 828 2127 dicam
838 2079 882 2127 fine
891 2079 965 2127 fraude

166 2176 182 2201 ‘⁴
191 2172 214 2217 iu
226 2171 351 2231 legitimum
363 2168 508 2216 sermonem.'’
536 2168 632 2215 Versum
642 2169 735 2215 tertium
746 2165 777 2215 iu
789 2168 895 2227 refingat
972 2189 975 2196 ·

295 2261 333 2306 Sin
344 2256 420 2305 autlm
432 2261 485 2319 ‘pes
495 2257 567 2303 resla'
578 2267 637 2304 vetat
648 2273 685 2304 me
698 2258 774 2304 dicere.
858 2283 860 2290 s

199 2349 245 2397 XI.
264 2351 287 2394 6.
312 2350 349 2395 Ad
363 2348 455 2410 speciem
467 2357 489 2392 et
504 2347 610 2392 staturam
626 2345 718 2392 reseram
732 2361 795 2392 voces
808 2348 817 2376 ‘
825 2325 929 2407 magnus’
944 2354 966 2392 et

166 2439 284 2500 ‘superbus
292 2438 308 2483 :'
325 2438 360 2483 adi
371 2436 426 2482 AEn.
439 2435 486 2481 viii.
498 2449 520 2494 9.
537 2450 561 2479 v.
572 2448 629 2493 401.
638 2447 696 2502 4027

199 2530 254 2575 Ver.
269 2539 305 2588 14.
327 2524 444 2571 Manifesta
455 2538 487 2570 res
497 2522 527 2569 est
538 2520 694 2583 iungendum
704 2522 757 2581 esse;
775 2522 840 2587 prolt
853 2523 896 2589 ipse
910 2524 968 2571 seur·

165 2617 206 2663 srm
218 2616 375 2677 perspexeram.

199 2707 251 2752 Ver.
266 2717 303 2763 17.
323 2707 363 2749 An
375 2701 523 2761 refingendum
534 2701 542 2746 l

281 2808 286 2817 ·
296 2793 375 2838 ‘Colle
386 2789 461 2852 super'
473 2789 546 2845 viridi,
563 2789 682 2850 panrlae-.

199 2885 253 2929 Ver.
266 2894 304 2941 30.
323 2881 412 2927 Verum
423 2877 508 2925 videtur
519 2876 645 2939 ‘quisqucl

199 2974 252 3018 Ver.
266 2983 303 3031 34.
325 2968 407 3023 Scribo,
424 2963 522 3012 maxime
532 2981 585 3012 cum
596 2965 718 3025 Scaligero:

296 3063 303 3089 ‘
312 3057 420 3104 lumitem
430 3054 536 3117 expertae’
547 3050 651 3111 fulmine,
666 3063 689 3100 et
699 3052 778 3112 imbre,
786 3055 876 3120 Jovem.

199 3152 253 3198 Ver,
264 3161 306 3211 44.
330 3146 410 3192 Nescio
419 3160 447 3190 an
457 3143 568 3189 tolerabile
578 3141 613 3200 fit,
629 3142 687 3204 quod
696 3142 766 3189 daturi
781 3142 871 3190 sumus:

295 3236 355 3281 Tum
368 3232 441 3296 procul
454 3236 460 3263 ‘
471 3232 510 3279 hac
521 3227 611 3286 nostri?
628 3239 674 3277 tam
691 3228 766 3293 proctll
775 3230 842 3279 ‘ahl'
858 3226 944 3295 patrii:

167 3328 217 3373 virle
228 3326 277 3373 Bel.
290 3340 311 3372 x.
328 3321 369 3383 46.
385 3333 425 3382 47.
