2250 4050
182 468 238 533 ³18
413 457 743 530 GEORGICON,
871 480 887 521 t

181 618 311 694 Clioque,
331 624 361 676 et
374 618 462 675 Beroe
474 616 558 686 soror,
579 615 766 675 Oceanitides
779 618 880 686 a'mbm

180 723 285 782 Ambae
298 740 380 790 auro,
399 720 483 797 pislis
494 720 628 779 incinctae
639 720 763 797 pellibus
776 723 869 784 ambae
875 744 884 791 3

180 826 280 902 Atque
292 825 416 903 Ephyre,
436 833 522 900 atque
534 822 614 900 Opis,
635 832 664 897 et
677 823 745 881 Afia
759 825 885 901 Deiopea

180 929 218 986 Et
232 929 349 986 tandem
360 928 456 1005 positis
469 928 553 985 velox
566 926 710 985 Arethusa
721 927 844 1004 sagittis.

179 1033 260 1090 Inter
272 1051 342 1108 quas
355 1050 452 1089 curam
465 1031 606 1107 Clymene
620 1033 753 1089 narrabat
764 1031 880 1090 inanem

179 1136 311 1204 Volcani,
330 1135 490 1210 Martisque
503 1134 582 1192 dolos
594 1142 625 1191 et
637 1134 732 1192 dulcia
745 1135 840 1205 furta,

178 1241 265 1315 Aque
278 1239 360 1296 Chao
373 1238 472 1297 densos
484 1238 581 1297 divom
595 1239 766 1296 numerabat
779 1255 884 1296 amores

179 1342 316 1400 Carmine
328 1362 386 1418 quo
398 1351 488 1420 captae
499 1343 569 1399 dum
581 1342 649 1399 susls
661 1341 760 1399 mollia
771 1342 860 1417 pensa

178 1446 352 1515 Devolvunt,
373 1445 478 1503 iterum
491 1454 632 1503 maternas
645 1444 752 1521 inpulit
764 1445 840 1503 auris

179 1549 286 1617 Luctus
299 1548 420 1618 Aristaei,
434 1548 588 1624 vitreisque
601 1548 735 1606 sedilibus
746 1568 846 1607 omnes

177 1651 355 1728 Obstupuere
359 1676 368 1724 3
390 1652 437 1710 sed
450 1661 517 1711 ante
530 1652 599 1710 alias
612 1652 755 1710 Arethusa
769 1652 872 1711 sorores

177 1755 364 1834 Prospiciene,
382 1756 494 1813 summd
506 1756 618 1815 flavum
630 1763 716 1832 caput
728 1757 835 1814 extulit
847 1775 887 1814 um

176 1859 216 1916 Et
227 1859 335 1936 procul,
355 1859 384 1917 Ο
396 1859 508 1936 gemitu
519 1878 578 1917 non
591 1859 692 1917 frustra
704 1859 841 1924 exterrita
854 1870 887 1918 tat

177 1962 290 2039 Cyrene
303 1963 392 2020 soror!
415 1961 475 2041 ipse
488 1962 550 2033 tibi,
572 1973 622 2020 tua
634 1963 761 2021 maxima
774 1978 866 2036 cura,

176 2064 276 2137 Tristis
290 2066 426 2125 Aristaeus
440 2069 527 2125 Penei
538 2066 626 2144 patn's
638 2067 674 2125 ad
687 2068 796 2125 undam

176 2169 238 2226 Stat
250 2169 408 2241 lacrimans,
429 2181 460 2227 et
472 2181 500 2228 te
512 2171 657 2228 crudelem
670 2171 789 2229 nomine
802 2172 878 2230 dicit.

174 2272 263 2344 Huic,
283 2273 408 2350 perculsa
422 2274 496 2331 novi
508 2283 637 2331 mentem
649 2274 814 2343 formidine,
835 2284 887 2333 mat

174 2376 250 2454 Duc,
270 2395 332 2454 age,
352 2378 408 2435 duc
420 2377 456 2435 ad
470 2396 532 2435 nos:
555 2378 599 2435 fas
611 2378 655 2435 illi
667 2378 769 2437 limina
782 2379 878 2437 divom

173 2479 316 2555 Tangere,
337 2478 390 2536 ait:
413 2478 496 2536 simul
509 2479 566 2537 alta
575 2478 659 2555 jubet
670 2480 814 2539 discedere
827 2482 881 2541 late

173 2581 315 2652 Flumina,
336 2583 393 2657 qud
401 2580 522 2659 juvenis,
527 2583 633 2659 gressus
646 2583 780 2644 inferret:
802 2597 833 2643 at
844 2585 887 2644 ilh-

173 2686 299 2743 Curvata
312 2685 344 2743 in
356 2686 462 2743 montis
474 2686 589 2757 faciem,
610 2687 796 2746 circumstetit
809 2689 887 2757 unda,

172 2788 356 2866 Adcepltque
370 2789 432 2846 finu
444 2788 529 2858 vasto,
550 2790 684 2866 misitque
697 2790 750 2850 sub
763 2810 884 2851 amnem.

171 2894 295 2971 Jamque
302 2893 420 2950 domum
428 2892 533 2950 mirans
541 2892 704 2969 genetricis,
709 2903 739 2951 et
746 2895 887 2955 humidae

172 2995 376 3073 speluncisque
389 2997 467 3054 lacus
480 2996 597 3066 clausos,
618 2998 753 3073 lucosque
764 2996 886 3058 sonantis

171 3100 237 3156 Ibat
242 3124 250 3169 3
272 3107 311 3169 et,
330 3099 444 3176 ingenti
457 3110 539 3158 motu
553 3101 724 3177 stupefactus
738 3121 885 3178 aquarum,

172 3201 280 3260 Omnia
293 3202 346 3262 sub
358 3203 464 3279 magns
476 3205 601 3263 labentia
614 3204 734 3263 fiumina
748 3207 824 3264 terra

171 3305 328 3381 Spectabat,
348 3305 456 3365 diversa
469 3308 555 3380 locis3
578 3307 756 3384 Phasimque,
771 3311 887 3386 Lycum«

170 3408 209 3467 Et
220 3418 322 3490 caput,
334 3411 500 3482 nudemus
510 3412 680 3491 primumse
693 3413 821 3491 erumpit
831 3411 887 3488 unq
