2250 4050
217 492 256 546 ²8
464 484 770 556 Bucoch,

435 976 660 1037 ECLOGA
699 977 784 1036 VIII.

388 1199 850 1255 PHARMACEUTRIA.

432 1399 556 1439 Damon.
579 1397 809 1439 ALPHESIBOEUS.

213 1555 383 1616 Paaaouuu
395 1557 511 1617 Musam
523 1558 664 1616 Damonis
674 1566 704 1615 et
717 1555 905 1632 Alphefiboei,
940 1581 942 1585 ⁴

212 1659 371 1719 Immemor
383 1660 536 1719 herbarum
549 1679 621 1736 quos
633 1659 674 1718 est
686 1659 790 1717 mirata
800 1656 925 1734 juvenca

97 1797 99 1801 <
212 1763 366 1833 Certantia,
387 1782 510 1838 quorum
524 1762 687 1839 stupefactae
696 1760 824 1819 carmine
836 1761 943 1836 lynces,

212 1864 250 1924 Et
263 1875 375 1924 mutata
388 1865 451 1925 suos
461 1866 628 1941 requierunt
640 1865 763 1922 flumina
776 1862 873 1920 cursus
880 1888 889 1933 5

117 1984 119 1989 ·
210 1967 350 2025 Damonis
363 1968 480 2027 Musam
494 1969 622 2031 dicemus
636 1976 666 2024 et
678 1966 867 2045 Alphefiboei.

249 2071 306 2141 Tu,
326 2072 400 2136 mihi
415 2071 463 2130 seu
477 2072 577 2149 magni
590 2072 704 2148 superas
714 2069 777 2147 jam
790 2070 857 2127 saxa
870 2067 991 2135 Timavi,

210 2173 276 2231 Sive
289 2191 369 2230 oram
383 2172 492 2248 Illyrici
504 2173 577 2250 legis
591 2173 727 2249 aequoris3
747 2173 801 2229 en!
818 2172 874 2229 erit
886 2187 1006 2248 unquam

209 2275 265 2334 Ille
278 2275 347 2344 dies,
367 2276 442 2342 mihi
454 2295 522 2334 cum
533 2275 619 2333 liceat
633 2288 682 2333 tua
693 2267 790 2333 ‘dicere
802 2275 895 2332 fana?

211 2379 271 2437 En!
295 2378 359 2450 erit,
373 2388 408 2437 ut
419 2379 506 2437 liccat
520 2390 614 2438 totum
626 2378 700 2435 mihi
714 2378 789 2435 ferre
801 2396 854 2454 per
866 2380 964 2437 orbem
1010 2455 1014 2461 ,

210 2483 275 2540 Sola
290 2483 447 2560 Sophocleo
462 2491 511 2539 tua
525 2481 652 2539 carmina
666 2480 754 2556 digna
769 2480 928 2538 cothurno?

210 2587 241 2643 A
255 2595 283 2643 te
296 2585 473 2662 principium
478 2610 487 2656 3
510 2584 565 2642 tibi
579 2584 697 2641 deslnet.
736 2583 851 2659 Adcipe
860 2583 942 2660 juffis

210 2688 347 2747 Carmina
373 2696 467 2764 coepta
489 2688 560 2758 tuin.
589 2698 676 2762 atque
702 2686 777 2743 hanc
803 2686 862 2744 fine
885 2696 1004 2763 tempon

290 2791 400 2848 circum

209 2895 290 2953 Inter
302 2893 432 2956 vidrices
445 2894 558 2950 ederam
575 2892 628 2950 tibi
642 2891 752 2968 serpere
765 2892 869 2967 lautos.

248 2997 365 3074 Frigida
378 2995 428 3053 vix
441 2995 514 3052 coelo
528 2994 619 3052 nodis
633 2994 788 3052 decesserat
801 2997 914 3065 umbra,

209 3103 285 3159 Cum
299 3120 344 3159 ros
357 3100 390 3157 in
404 3099 501 3156 tenerd
514 3098 612 3174 pecori
625 3098 798 3173 gratiffimus
811 3099 910 3165 herbd‚

208 3206 382 3262 Incumbens
396 3201 480 3259 tereti
494 3202 608 3259 Damon
624 3200 661 3257 fic
675 3201 764 3277 coepit
777 3200 879 3259 olivae:

554 3324 678 3363 namon.

208 3408 463 3486 Nascere,praeque
472 3405 673 3465 diemveniens
682 3426 745 3485 age,
753 3408 878 3480 Lucifer,
886 3409 997 3472 almum
