2250 4050
147 415 238 473 nant.
435 407 534 477 ΜΒ.
574 417 614 477 11.
890 425 925 479 ⁸1

147 569 209 630 Casta
221 562 394 649 pudicitiam
406 573 498 635 servat
509 576 626 648 domun3
647 575 736 633 ubera
748 591 842 632 vaccae

148 669 229 733 Laden
241 676 417 734 demittunt:
438 678 619 754 pinguesque
632 676 663 734 in
679 676 809 754 gramine
822 669 890 735 laeto

148 771 206 834 inter
216 777 245 836 se
256 779 380 837 adverfis
392 779 538 838 luctantur
550 779 683 839 comibus
696 779 783 838 haedi.

149 874 194 954 lpse
203 881 260 939 dies
273 881 368 959 agitat
381 882 478 955 festos3
500 881 635 958 fususque
648 895 703 960 per
710 881 841 953 herbam,

134 972 206 1055 'Ignis
218 985 269 1042 ubi
282 985 315 1042 in
329 985 435 1056 medio,
455 996 485 1043 et
498 984 568 1043 socii
580 992 688 1043 cratera
701 996 849 1054 coronant,

149 1075 185 1151 Te,
195 1087 293 1157 libans,
307 1090 422 1157 Lenaee,
435 1097 517 1146 vocat
522 1111 531 1159 ³
553 1086 720 1164 pecorisque
733 1086 875 1163 magistris

149 1175 239 1246 Velocis
247 1188 341 1266 jaculi
354 1189 510 1248 certamina
523 1189 607 1266 ponit
619 1189 649 1246 in
664 1190 743 1247 ulmo
747 1215 756 1261 3

148 1285 308 1368 corporaque
321 1291 424 1369 agresti
436 1293 548 1350 nudant
560 1292 688 1369 praedura
701 1292 837 1369 palaestri.

148 1384 296 1453 Hanc'olim
307 1398 417 1453 veteres
433 1394 526 1454 vitam
538 1394 650 1452 coluere
663 1393 761 1452 Sabini
767 1419 776 1465 3

147 1486 210 1554 Hanc
222 1499 331 1555 Remus
344 1506 375 1554 et
388 1497 489 1556 frater:
512 1497 550 1555 fic
564 1496 646 1555 fortis
658 1497 774 1554 Etruria
787 1497 879 1555 crevit

148 1590 247 1670 Scilicet,
268 1610 299 1657 et
311 1619 407 1657 rerum
417 1599 491 1657 faeta
504 1599 544 1657 est
556 1598 748 1677 pulcherrima
761 1599 861 1669 Roma,

97 1723 102 1735 ·
148 1693 295 1778 Septemque
309 1721 368 1760 uua
381 1702 434 1771 fibi
446 1720 529 1760 muro
543 1701 733 1760 circumdedit
746 1720 833 1759 arces.

148 1799 207 1861 Ante
216 1805 306 1863 etiam
318 1804 464 1882 sceptrum
476 1804 581 1862 Diuaei
594 1805 678 1881 regis,
698 1814 729 1861 et
742 1814 809 1862 ante

149 1896 209 1981 Inpia
220 1927 308 1984 quam
321 1907 397 1966 caefis
409 1926 480 1984 gens
493 1908 534 1965 est
545 1907 659 1984 epulata
667 1906 808 1983 juvencis,

150 2003 238 2069 Aureus
249 2011 325 2071 hanc
338 2009 430 2070 vitam
441 2010 474 2067 in
489 2009 569 2068 terris
582 2010 719 2068 Saturnus
733 2011 846 2086 agebat.

152 2102 271 2173 Necdum
283 2114 373 2173 etiam
386 2113 536 2171 audierant
548 2111 644 2170 inflari
657 2112 776 2184 claffica,
789 2114 924 2171 necdum

154 2206 263 2289 Inpositos
276 2219 355 2277 duris
368 2217 508 2294 crepitare
520 2216 674 2274 incudibus
687 2216 774 2273 enses.

90 2304 93 2310 ⁴
181 2317 222 2377 Sed
234 2341 283 2379 nos
294 2319 460 2378 inmensum
473 2317 571 2395 spatiis
584 2317 760 2375 confecimus
773 2337 883 2393 aequ013

89 2507 104 2516 Η
127 2504 133 2516 ,
157 2410 236 2493 Etjam
248 2433 360 2501 tempus
373 2422 481 2498 equum
494 2420 635 2479 fumantia
649 2420 755 2480 solvere
768 2420 850 2478 colla.
