2250 4050
461 419 507 467 IN
536 417 782 471 VIRGILIUM

220 577 265 611 noo
275 560 337 610 alitir
347 560 424 610 inseris
439 563 500 610 libris
514 562 625 621 invenisse,
642 563 665 609 ni
677 563 748 610 velint
758 560 905 623 ineptiarum,
920 559 1015 623 proposto

218 650 303 714 prorsrls
312 651 443 709 alienarum,
459 651 565 714 postulare
574 650 688 698 criticum.
1011 673 1014 681 ·

252 741 306 788 Ver.
320 741 375 799 167·
395 739 485 788 Admisr
494 755 522 786 ex
534 735 661 801 conjedturri
676 739 826 802 ‘excipiunt,'
843 749 895 786 turn
905 736 960 802 quod
972 753 1016 800 pro·

220 829 297 892 prietas
314 829 418 875 sermonis
433 828 454 874 id
472 829 552 890 poscat,
568 839 619 875 tum
636 825 695 890 quod
710 827 798 874 Plinius
815 824 849 874 itt
863 829 891 874 de
903 828 943 874 hac
957 827 1016 872 relo-

220 930 309 984 quatur,
324 917 389 981 proiit
398 917 570 978 aliisdixerim3
587 934 627 965 nec
637 916 721 975 minis,
737 917 797 982 quot
812 935 872 966 mox
888 919 1016 980 subsequatur

221 1026 265 1057 vox
275 1013 284 1040 ‘
291 1009 413 1070 accipiunt'
425 1006 503 1070 parim
510 1003 607 1069 jucundi
622 1007 758 1071 repetitione.
790 1009 846 1072 Jam
858 1007 922 1055 video
935 1007 1016 1053 consen·

220 1099 263 1145 tire
272 1097 371 1145 codicem
382 1097 408 1146 ad
416 1097 471 1146 AEn.
484 1097 499 1142 i.
509 1110 566 1157 434.
582 1097 619 1142 ubi
631 1098 691 1144 locus
699 1097 759 1142 idem
769 1096 873 1144 recurrit.

251 1185 311 1234 Ver.
324 1187 380 1234 208.
401 1187 487 1234 Locum
502 1186 549 1233 dedi
564 1185 696 1246 conjectura
706 1185 806 1232 Bentleio
820 1187 902 1246 digna,
917 1187 944 1234 ad
954 1187 1018 1234 Luca·

221 1291 287 1335 num,
297 1276 330 1323 iii.
345 1276 400 1324 182.
415 1275 464 1323 viro
474 1276 564 1324 summo
573 1276 693 1339 propositae,
703 1276 752 1322 vice
762 1274 838 1336 frigidi
848 1277 950 1324 vocabuli
962 1283 1018 1323 ‘ma-

220 1365 275 1413 net!
308 1365 397 1412 Necesse
406 1365 446 1423 est,
460 1363 551 1425 diligens
566 1364 635 1411 rector
644 1364 752 1416 notaverit
761 1364 857 1412 verbum
868 1366 1018 1413 substantivum

222 1451 334 1518 saepissuni
349 1455 372 1501 in
382 1454 423 1500 hoc
435 1453 536 1517 po'e'mate
546 1454 642 1501 reticeri:
659 1462 681 1500 et
690 1454 751 1500 locus
760 1455 871 1514 gemellus
882 1455 941 1502 mibi
950 1456 1019 1503 obver-

223 1545 280 1592 satus
289 1545 320 1591 est
331 1544 354 1590 in
364 1543 469 1605 Apuleio,
483 1543 510 1589 de
519 1543 559 1590 deo
570 1543 671 1601 Socratis,
681 1559 728 1605 pag.
737 1556 778 1604 43.
793 1544 850 1590 edit.
863 1535 1021 1602 Etnmhorstii,

223 1650 291 1698 quem
308 1634 385 1681 leslori
400 1633 485 1681 sistam:
514 1637 531 1665 “
545 1634 644 1681 Formna
660 1634 748 1690 caduce
770 1632 902 1694 singillatim
919 1636 1020 1691 mortales,

223 1728 240 1755 “
250 1723 325 1771 consti
338 1719 440 1770 ‘tamin'
452 1722 553 1770 universo
562 1737 639 1783 genere
649 1722 772 1785 perpetui.''
793 1723 917 1772 Maronem
929 1726 1018 1772 nostrum

223 1813 248 1860 in
263 1811 341 1869 oculis,
361 1813 445 1874 opinor,
461 1811 538 1858 habuit
552 1813 642 1872 scriptor
657 1811 703 1873 post
719 1811 808 1856 nullum
824 1813 957 1875 exquifitus.
985 1813 1020 1860 Vr·

223 1902 273 1950 deas
289 1899 358 1949 etiim
375 1901 430 1949 AEn.
441 1902 458 1948 i.
476 1914 534 1960 477.
567 1897 674 1949 Similiter
689 1900 835 1960 Claudianus,
856 1902 884 1949 de
899 1918 962 1950 cons·
978 1901 1020 1950 Stil·

225 1992 257 2040 iii.
275 1976 329 2054 243.
983 1994 985 1999 '

353 2084 470 2139 Incomtte,
487 2082 626 2145 pulchraque
637 2078 741 2130 ‘tarnim'

255 2173 309 2219 Ver.
321 2186 335 2218 2
339 2171 377 2233 58.
403 2172 461 2219 Aliis
471 2188 557 2235 quoque
568 2170 648 2220 merito
660 2173 742 2233 placuit
751 2174 799 2220 hrec
809 2174 935 2222 distinetio.

256 2261 312 2308 Ver.
322 2262 378 2322 265.
400 2259 436 2307 Iti
445 2261 633 2321 distinguendum
651 2262 710 2324 quast
720 2262 817 2311 dixerat:
837 2267 855 2295 “
866 2266 904 2313 Ne
914 2265 1021 2328 exspesler,

223 2354 242 2381 “
254 2360 279 2396 ut
289 2350 329 2397 tibi
339 2365 449 2411 promote
457 2350 567 2413 prebeant
576 2365 625 2413 apes
635 2352 691 2409 mel;
710 2360 735 2397 tu
745 2351 790 2398 illis
798 2352 860 2400 ultrb
868 2355 929 2402 deser
937 2357 961 2403 :'·’
971 2354 1020 2418 quod

222 2439 330 2501 perspexit
338 2437 408 2485 etiim
418 2439 516 2486 vetustus
525 2439 629 2502 interpres
638 2440 694 2501 apud
704 2456 750 2486 me.

256 2529 310 2574 Ver.
321 2541 379 2589 293·
401 2529 435 2575 Sic
446 2528 561 2588 legendum
573 2528 613 2575 effe
622 2528 772 2590 conjiciebam,
789 2532 902 2593 persuasus
918 2532 1019 2596 elegantis·

223 2615 305 2663 simum
317 2617 405 2678 po'e'tam
416 2618 499 2665 variare
507 2618 597 2664 voluisse
605 2628 703 2665 tenorem
713 2618 827 2679 orationis,
841 2620 897 2670 crim
909 2624 1020 2673 invcuirun

223 2716 245 2751 er
263 2705 362 2751 codicem
381 2704 510 2754 ‘fecundet’
530 2707 663 2770 suppeditare
669 2726 677 2765 ς
699 2723 748 2770 quae
767 2709 836 2757 lectio
853 2713 931 2760 statim
948 2715 1020 2775 flagitat

223 2794 278 2841 ‘ut'
289 2810 327 2856 pro
338 2799 346 2824 ‘
355 2795 397 2841 et:'
415 2811 484 2857 neque
490 2794 539 2857 jam
546 2797 609 2842 video
619 2796 670 2858 quid
677 2798 701 2843 in
710 2796 751 2843 hoc
760 2798 808 2845 loco
816 2800 934 2851 desiderari
943 2803 1020 2866 poterit·

255 2885 308 2930 Vct.
320 2895 375 2943 355.
398 2882 459 2930 Cirm
469 2885 492 2930 iu
502 2884 596 2931 confesso
606 2884 632 2932 lit
640 2885 697 2948 apud
706 2886 801 2934 eruditos
810 2889 918 2939 vitiosam
928 2894 969 2940 effe
978 2893 1019 2939 vul-

221 2980 295 3032 gatam
307 2971 432 3030 ledlionem,
449 2988 518 3034 neque
527 2970 540 3019 i
550 2974 642 3034 Virgilii
652 2990 720 3022 manu
730 2975 776 3022 ullo
789 2978 859 3025 modo
868 2982 976 3043 proficisci
986 2998 1018 3044 po

221 3060 292 3118 tuisse,
310 3061 374 3108 venia
384 3062 471 3108 concedi
481 3062 542 3109 debet
553 3064 700 3111 emendationi
710 3066 789 3113 nostrae
800 3083 827 3113 :a
838 3069 931 3131 ingenio
935 3092 943 3130 ;
960 3085 1018 3135 quam

221 3148 268 3195 veri
284 3149 422 3196 simillimam
438 3151 579 3199 arbitramur.
614 3150 711 3217 NempE,
731 3152 828 3204 crimin
846 3159 889 3207 boc
908 3161 1020 3209 honorifico

222 3236 262 3283 usu
275 3234 339 3297 longi
350 3238 448 3285 usitatior
458 3239 483 3285 sit
495 3256 538 3286 vox
549 3242 637 3303 ‘pater'
649 3239 718 3303 quim
729 3244 851 3305 ‘genitor,’
868 3248 974 3313 interpres
985 3248 1020 3297 ali·

222 3325 271 3389 quis
281 3326 374 3386 margini
388 3328 510 3392 ascripserat
524 3329 629 3393 posserius
639 3331 789 3395 vocabulum„
799 3346 826 3384 ut
840 3339 973 3404 intelligeret
980 3345 1019 3389 lec·
