2250 4050
168 455 210 517 M
402 455 737 526 GEORGIC-ON,
880 452 930 526 et,

170 611 309 673 Inseritur
320 632 390 672 vero
401 625 431 672 et
444 614 508 672 fetu
519 613 602 672 nucis
614 615 734 673 arbutus
745 613 858 672 horrida
862 639 871 686 5
900 652 904 661 -

170 717 210 777 Et
222 716 329 775 steriles
340 717 451 794 platani
463 719 555 776 malos
567 717 675 794 goffere
685 718 811 777 valentis
814 742 824 790 ;

171 821 316 879 Castaneas
328 820 421 897 fagus,
441 839 585 897 ornusque
597 820 731 879 incanuit
743 822 813 880 albo

170 922 254 984 Flore
267 921 332 1000 piri,
351 923 545 999 glandemque
557 922 621 982 sues
633 923 748 1000 fregere
760 923 815 982 sub
827 923 911 982 ulmis.

211 1028 276 1086 Nec
287 1027 390 1085 modus
401 1025 525 1085 inserere
538 1036 626 1103 atque
639 1027 739 1086 oeulos
756 1026 891 1105 inponere
901 1027 931 1085 fin

289 1130 372 1207 plex:

173 1233 262 1302 Nam,
282 1233 339 1308 qud
352 1231 491 1293 semodio
504 1234 625 1292 trudunt
637 1234 674 1292 de
686 1234 795 1293 cortice
809 1252 926 1312 gemme,

173 1337 212 1397 Et
225 1336 319 1394 tenuis
331 1346 471 1414 rumpunt
484 1337 605 1407 tunicas,
624 1338 760 1415 angustus
772 1339 806 1397 in
819 1339 878 1417 ipso

173 1439 222 1500 Fit
235 1442 310 1498 nodo
324 1441 414 1498 smus:
436 1439 494 1497 huc
507 1439 601 1498 alieni
614 1459 650 1498 ex
663 1442 764 1500 arbore
778 1461 900 1519 germen·

173 1545 340 1611 Includunt‚
360 1545 475 1620 udoque
487 1545 593 1602 docent
604 1543 761 1603 inolesoeue‘
774 1545 859 1604 libro.

173 1649 239 1708 Aut
251 1647 364 1707 rursum
376 1648 482 1706 enodes
495 1648 590 1706 trunci
602 1647 775 1717 resecantur,
795 1660 826 1708 et
839 1650 894 1708 alte

173 1750 307 1812 Finditur
319 1751 351 1809 in
364 1750 487 1809 solidum
499 1750 600 1809 cuneis
611 1750 671 1821 via3
694 1743 802 1811 deinde
814 1752 914 1811 fersoes

175 1857 284 1917 Plantse
304 1853 506 1913 inmittuntur:
529 1873 583 1913 nec
600 1855 722 1933 longum
740 1866 862 1934 tempus,
880 1850 934 1913 etit

253 1978 324 2037 gens

174 2063 255 2122 Exiit
268 2063 305 2121 ad
317 2062 423 2122 coelum
436 2062 522 2121 ramis
534 2062 668 2122 felicibus
680 2065 771 2133 arbos,

173 2166 356 2242 Miraturque
369 2186 458 2226 novas
470 2167 582 2229 frondis
594 2176 625 2225 et
637 2186 696 2226 non
708 2167 758 2226 sua
771 2187 868 2244 poma.

213 2272 359 2340 l'raeterea,
372 2289 462 2347 genus
472 2271 550 2329 haud
563 2290 665 2340 unum,
678 2288 731 2329 nec
741 2271 866 2329 fortibus
875 2261 935 2329 ulmi

174 2374 239 2433 Nec
252 2373 341 2444 salici,
359 2375 488 2451 lotoque,
509 2378 604 2451 ne'que
616 2374 700 2433 ldteis
712 2373 870 2451 cypariffis:

174 2479 240 2538 Nec
252 2479 374 2555 pingues
386 2497 474 2537 unam
488 2477 519 2535 in
532 2476 637 2535 faciem
651 2476 808 2536 nascuntur
819 2478 907 2546 olivae,

175 2581 331 2651 orchades,
351 2590 381 2640 et
393 2580 475 2652 radii,
496 2590 526 2639 et
538 2580 635 2639 amari
647 2581 742 2658 pausia
756 2582 853 2650 bacci,

176 2686 329 2761 Pomaque,
349 2695 378 2743 et
391 2684 510 2743 Alcinoi
523 2684 613 2742 silvae:
635 2702 688 2742 nec
701 2683 831 2743 surculus
842 2684 916 2743 idem

176 2788 346 2847 Crustumiis
361 2788 506 2866 Syriisque
519 2788 599 2866 piris,
619 2788 810 2865 gravibusque
822 2785 932 2848 volemis

176 2894 246 2951 Non
259 2893 360 2950 eadem
370 2892 518 2951 arboribus
531 2891 639 2969 pendet
650 2890 796 2951 vindemia
811 2892 913 2960 nostris,

175 2996 276 3055 Quam
290 2995 489 3073 Methymnaeo
502 2995 594 3072 carpit
606 2995 643 3052 de
654 2993 776 3070 palmite
790 2995 901 3055 [eibos.

175 3100 250 3158 Sunt
262 3098 374 3157 Tbafiae
386 3099 472 3171 vites3
494 3099 561 3157 sunt
574 3107 604 3156 et
616 3097 794 3157 Mareotides
806 3099 891 3170 albe)

176 3200 334 3279 Pinguibus
346 3201 392 3260 hae
406 3202 488 3261 terris
500 3202 620 3271 habiles,
641 3201 796 3261 levioribus
808 3202 880 3274 illre3

174 3305 214 3363 Et
226 3304 303 3381 palso
315 3304 420 3366 Pfithia
432 3306 531 3366 utilior
535 3332 544 3379 3
567 3306 719 3383 tenuisque
732 3307 853 3383 Lageos,

172 3408 333 3469 Tentaturs
346 3410 431 3488 pedes
442 3410 522 3486 olim,
535 3409 722 3487 vincturaque
735 3408 883 3489 lingtnmj
