2250 4050
204 491 240 547 18
446 479 752 547 B'UCOLICA,
922 478 1010 532 md.

129 650 134 657 ·
203 637 274 695 Non
286 636 340 694 ulli
353 635 444 714 pastos
456 635 514 695 illis
527 654 612 713 egere
624 635 724 693 diebus

204 723 328 818 Frigida,
346 739 477 817 Daphni,
497 742 583 798 boves
596 740 634 797 ad
651 736 790 796 flumina:
819 735 902 793 nulla
917 753 1009 811 neque

263 869 266 873 ·
284 862 401 903 amnem
859 845 861 849 '

205 945 323 1010 Libavit
335 946 505 1022 quadrupes,
524 965 578 1004 nec
592 943 731 1022 graminis
744 940 852 1018 adtigit
866 942 999 1000 herbam.

205 1049 333 1128 Daphni,
353 1057 439 1107 tuum
451 1050 553 1107 Poenos
567 1048 657 1105 etiam
670 1044 842 1123 ingemuisse
855 1045 957 1102 leones

206 1151 362 1211 Interitum
375 1161 543 1227 montesque
557 1151 611 1209 feri
625 1150 757 1225 suvaeque
770 1150 943 1224 loquuntur.

209 1254 341 1331 Daphnis
355 1264 385 1311 et
395 1254 549 1312 Armenias
562 1273 647 1311 curru
659 1251 830 1330 subjungere
842 1251 928 1328 tigris

209 1357 352 1429 Instituit5
373 1356 504 1434 Daphnis
518 1356 770 1414 thiasosinducere
784 1355 907 1423 Baccho,

208 1461 247 1518 Et
259 1459 337 1518 foliis
350 1460 441 1518 lentas
454 1459 585 1517 intexere
598 1459 732 1516 mollibus
745 1457 845 1516 hastas.

208 1563 285 1621 Vitis
298 1571 330 1620 ut
345 1562 492 1620 arboribus
505 1563 601 1620 decori
611 1563 659 1633 est,
679 1570 714 1618 ut
725 1561 834 1631 vitibus
846 1580 922 1628 uvae,

208 1666 254 1725 Ut
267 1665 401 1743 gregibus
415 1665 499 1734 tauri,
520 1664 628 1741 segetes
641 1673 675 1722 ut
687 1645 833 1741 pinguibu
862 1665 938 1721 arvis
945 1689 954 1736 ;

209 1769 257 1827 Tu
270 1770 357 1827 decus
369 1785 455 1825 omne
466 1768 535 1825 tuis:
557 1768 707 1844 postquam
721 1775 749 1823 te
761 1765 821 1823 fata
847 1766 978 1836 ulerunt,
999 1831 1002 1835 ,

208 1870 274 1947 Ipsa
286 1872 365 1929 Pales
378 1889 469 1948 agros,
490 1880 577 1946 atque
589 1868 648 1946 ipse
661 1858 911 1944 reliquit‘llpnll0.

210 1973 339 2032 Grandia
352 1972 427 2051 saepe
440 1974 543 2050 quibus
556 1971 756 2031 mandavimus
769 1971 876 2030 hordea
890 1971 986 2042 sulcis,

210 2077 318 2146 Infelix
330 2076 433 2134 lolium
446 2085 476 2134 et
489 2076 594 2134 steriles
607 2058 763 2133 nascuntur
774 2094 884 2133 avenae.

211 2180 265 2237 Pro
277 2178 359 2236 molli
372 2178 456 2248 violi,
476 2199 528 2255 pro
541 2197 684 2256 purpureo
697 2178 826 2247 narcisse,

210 2283 351 2354 carduus,
371 2290 401 2340 et
413 2281 500 2359 spinis
513 2281 605 2358 surgit
617 2281 743 2358 paliurus
757 2281 858 2339 acutis.

213 2385 342 2462 Spargite
355 2385 476 2442 humum
490 2384 577 2453 foliis,
598 2384 728 2440 inducite
741 2383 870 2440 sontibus
883 2388 1008 2453 umbras

211 2488 351 2546 Pastores:
374 2489 492 2546 mandat
505 2487 570 2544 fieri
583 2488 635 2545 fibi
648 2487 714 2545 talia
725 2487 867 2563 Daphnis.

211 2591 250 2649 Et
264 2591 410 2649 tumulum
419 2589 515 2657 facite,
526 2599 555 2647 et
569 2590 681 2647 tumulo
692 2590 871 2666 superaddite
883 2570 1014 2650 cannen:

211 2694 344 2772 Daphnis
357 2714 411 2771 ego
424 2694 456 2774 in
469 2694 554 2762 silvis,
574 2692 643 2751 hinc
656 2694 746 2770 usque
759 2695 796 2752 ad
809 2695 898 2753 fidera
912 2708 1005 2765 notus,

213 2798 338 2855 Formos1
351 2796 461 2875 pecoris
475 2797 575 2866 custos,
596 2797 745 2859 formosior
757 2797 826 2873 ipse.

175 2976 180 2982 Ι
528 2919 703 2957 uauancas.

213 3005 286 3063 Tale
299 3014 384 3063 tuum
397 3022 512 3061 carmen
525 3003 617 3072 nobis,
637 3002 735 3060 divine
748 3004 843 3079 poeta,

215 3108 311 3165 Quale
325 3106 408 3182 sopor
419 3105 493 3163 seffis
506 3104 538 3162 in
552 3105 691 3182 gramine,
716 3107 800 3180 quale
816 3125 868 3183 per
880 3109 981 3167 aestum

214 3209 316 3267 Dulcis
329 3229 411 3285 aquae
424 3208 543 3267 saliente
557 3208 633 3266 sitim
646 3208 819 3285 restinguere
831 3210 906 3268 rivo:

215 3312 280 3385 Nec
294 3311 410 3371 calamis
418 3310 510 3370 solum
518 3310 684 3388 aequiparas,
695 3310 744 3370 scd
755 3331 833 3389 vnce,
842 3316 1018 3391 magistrum.
