2250 4050
268 395 309 463 9⁴
503 383 831 460 cennereon,
964 411 973 450 r

269 543 425 622 lanigeros
437 540 546 621 agitare
558 561 668 618 greges,
687 543 834 621 hirtasque
846 546 973 623 capellos.

269 649 349 706 Hinc
362 648 458 718 labor,
478 647 546 704 hinc
559 647 676 705 laudem
686 647 774 706 fortes
786 649 900 726 sperate
913 651 973 709 colo

268 752 333 810 Nec
346 752 410 809 sum
422 750 511 809 animi
523 751 638 820 dubius,
650 752 743 809 verbis
755 770 789 810 ea
802 752 920 811 vincere
932 773 973 813 ms

269 856 369 914 Quam
382 857 425 923 sit,
437 864 468 913 et
480 854 605 932 angustis
618 854 686 911 hinc
698 855 802 914 addere
812 857 900 915 rebus
912 857 973 915 hon

269 961 324 1027 Sed
337 979 383 1019 me
397 960 508 1017 Parnasr
521 956 630 1016 deserta
643 959 795 1034 perardua
807 960 901 1018 dulcis

268 1066 375 1140 Raptat
387 1081 482 1121 amor:
500 1061 584 1139 juvat
597 1062 638 1119 ire
646 1060 734 1140 jugis,
754 1062 814 1137 qud
826 1064 909 1123 nulla
921 1063 973 1141 pri«

267 1166 420 1226 Castaliam
434 1165 513 1224 molli
527 1165 684 1223 devertitur
695 1166 789 1224 orbita
802 1166 887 1226 clivo.

268 1272 367 1340 Nunc,
374 1270 534 1329 veneranda
541 1268 629 1337 Pales,
639 1286 745 1346 magno
755 1288 834 1328 nunc
842 1290 892 1331 ore
901 1271 973 1331 sona1

307 1373 459 1449 Incipiens,
480 1372 594 1430 stabuis
606 1372 688 1430 edico
700 1372 732 1430 in
745 1373 882 1432 mollibus
896 1375 973 1434 herba

268 1479 392 1554 Carpere
405 1477 474 1548 ovis,
488 1478 558 1534 dum
570 1495 640 1533 mox
657 1475 787 1536 frondosa
800 1479 950 1539 reducitur
961 1499 973 1536 a

268 1583 307 1640 Et
319 1581 411 1640 mults
424 1582 525 1638 duram
539 1579 642 1656 stipula
655 1580 821 1659 filicumque
834 1583 970 1663 maniplis

268 1687 398 1744 Sternere
411 1686 507 1743 subter
518 1684 651 1751 humum,
670 1684 775 1760 glacies
787 1703 824 1742 ne
838 1685 945 1763 frigida
956 1682 973 1744 l

267 1791 360 1848 Molle
372 1808 467 1866 pecus,
481 1787 660 1864 scabiemque
673 1787 746 1845 ferat
760 1784 909 1865 turpisque
918 1790 973 1868 pod

267 1894 339 1962 Post,
359 1893 428 1951 hinc
440 1891 586 1968 digressus,
602 1890 691 1967 jubeo
703 1891 866 1951 frondentia
879 1894 969 1971 capris

267 1999 380 2057 Arbuta
393 1996 532 2064 sufficere,
552 2004 583 2053 et
595 1994 696 2053 fluvios
710 1996 836 2071 praebere
849 1998 972 2055 recentis

267 2103 306 2160 Et
319 2101 426 2159 stabula
440 2119 456 2157 a
469 2100 561 2157 ventis
574 2100 695 2157 hiberno
708 2118 851 2176 opponere
865 2100 927 2171 soli,

266 2207 316 2264 Ad
329 2204 458 2263 medium
471 2203 605 2262 conversa
619 2203 709 2261 diem:
732 2222 824 2278 quum
834 2203 973 2281 frigidus·

265 2311 332 2389 Jam
345 2307 431 2378 cadit,
451 2316 636 2383 extremoque
648 2306 755 2365 inrorat
768 2308 915 2381 Aquarius
927 2327 973 2369 ant

265 2414 323 2471 Hae
336 2429 451 2489 quoque
464 2429 523 2470 non
536 2412 604 2468 curs
617 2411 699 2468 nobis
710 2410 816 2468 leviore
830 2414 954 2481 tuendae,

266 2517 331 2575 Nec
343 2516 437 2573 minor
449 2515 516 2572 usus
529 2514 598 2574 erit:
620 2516 751 2590 quamvis
763 2514 877 2573 Milesra
890 2533 973 2592 magn

265 2619 380 2678 Vellera
393 2628 543 2677 mutentur
553 2619 657 2694 Tyrios
669 2619 778 2676 incodta
791 2621 918 2688 rubores,

265 2724 387 2783 Densror
399 2722 468 2780 hinc
480 2722 591 2780 suboles
598 2745 607 2793 ;
628 2722 697 2780 binc
709 2722 782 2799 largi
795 2723 878 2801 copia
890 2724 973 2783 ladlis.

267 2830 365 2887 Quam
379 2826 470 2903 magis
482 2825 618 2885 exhausto
634 2826 809 2903 spumaverit
821 2830 909 2885 ubere
922 2831 973 2886 mu

266 2935 345 2991 Laeta
358 2931 450 3008 magis
462 2930 557 3009 preffis
570 2933 729 2988 manabunt
742 2930 864 2989 flumina
876 2950 973 2989 mamn

167 3063 170 3068 ·
266 3036 331 3093 Nec
343 3034 439 3092 minus
450 3033 560 3092 interea
574 3036 675 3093 barbas
686 3033 849 3109 incanaque
861 3045 960 3093 menta

266 3137 404 3214 Cinyphii
420 3138 540 3200 tondent
552 3137 635 3208 hirci,
656 3137 793 3213 saetasque
805 3139 955 3207 corruatis,

267 3240 361 3300 Usum
373 3240 405 3297 in
418 3240 579 3312 castrorum,
600 3250 630 3298 et
643 3240 751 3298 miseris
763 3241 908 3300 velamina
922 3261 973 3301 nau

267 3342 423 3435 Pascuntur
435 3364 502 3405 vero
515 3344 605 3417 salvas,
625 3355 657 3404 et
670 3343 780 3403 summa
794 3346 901 3422 Lycaei,
