2250 4050
220 457 265 508 sa-
454 417 785 524 onon'crcon,
907 458 996 523 van.

217 606 313 665 Nolite
323 607 398 668 leves
410 610 516 670 melius
529 610 649 688 stipulae,
669 611 755 670 node
767 610 847 670 arida
860 617 944 688 prata,

215 710 386 770 Tondentur
390 738 399 784 ς
420 713 517 773 nodes
530 714 625 772 lentus
638 732 697 772 non
709 713 809 772 deficit
821 713 929 771 bunnar.

216 812 255 872 Et
268 813 388 890 quidam
401 813 476 874 seror
489 815 602 874 hiberni
614 818 651 875 ad
664 815 783 874 luminis
795 815 878 892 ignca
916 843 920 853 ·

215 916 380 993 Pervigilat,
399 917 531 994 ferroque
543 919 621 976 faces
633 917 755 995 inspicat
768 926 868 977 acuto:

215 1019 340 1088 Interea,
358 1020 480 1097 longum
492 1030 580 1078 cantu
592 1020 680 1080 solata
692 1020 831 1090 laborem,

215 1121 330 1200 Arguto
343 1120 470 1198 conjunx
482 1123 621 1199 percurrit
633 1122 749 1200 peffine
763 1123 850 1193 telas;
910 1157 915 1168 ·

215 1223 279 1281 Aut
291 1224 384 1281 dulcis
396 1223 481 1282 musti
493 1225 623 1283 Volcano
635 1223 772 1300 decoquit
785 1224 947 1293 humorem,·

215 1325 254 1388 Et
264 1326 341 1384 foliis
354 1329 463 1386 undam
476 1327 578 1404 trepidi
593 1326 744 1404 despumat
756 1325 853 1385 aheni.

255 1429 298 1487 At
310 1429 467 1488 rubicunda
480 1431 568 1488 Ceres
581 1429 677 1486 medio
689 1428 846 1488 succiditur
858 1429 931 1498 aestn,

215 1533 253 1594 Et
264 1532 360 1592 medio
373 1533 456 1592 tostas
469 1532 537 1590 aestu
550 1531 618 1592 terit
629 1550 694 1589 area
707 1531 813 1608 fruges.

213 1635 319 1696 Nudus
332 1654 389 1704 ara,
408 1634 467 1692 sere
479 1636 587 1709 nudu25
609 1633 702 1692 hiems
714 1633 820 1710 ignava
832 1633 940 1694 colono.
1038 1642 1040 1667 ³

213 1738 378 1817 Frigoribus
391 1746 474 1815 parto
486 1736 620 1814 agricolae
629 1736 800 1813 plerumque
812 1737 952 1805 fruuntur,

211 1842 375 1918 Mutuaque
387 1841 464 1900 inter
478 1840 507 1899 sc
518 1839 579 1898 laeti
591 1837 722 1898 convivia
735 1847 848 1898 curant.
1039 1840 1040 1865 ³

211 1943 322 2003 Invitat
335 1942 455 2020 genialis
467 1942 570 2012 hierus,
590 1959 726 2017 curasque
739 1940 873 2001 resolvit:

211 2050 275 2107 Ceu
287 2049 385 2126 preffae
397 2068 489 2125 quum
495 2046 557 2126 jam
570 2055 685 2125 portum
698 2044 821 2121 tetigere
832 2044 944 2116 carina,
1039 2055 1040 2108 1

158 2208 166 2224 ,
211 2150 356 2229 Puppibus
369 2159 399 2208 et
411 2151 471 2208 laeti
483 2159 578 2209 nautae
590 2147 741 2225 inposuere
754 2165 885 2208 coronas.
1025 2203 1040 2218 .,

209 2254 265 2313 Sed
275 2262 371 2311 tamen
379 2261 410 2311 et
417 2271 538 2329 quernas
545 2252 664 2328 glandes
672 2260 735 2308 tum
745 2249 884 2327 stringere
891 2258 997 2327 tempu
1036 2231 1040 2276 4

209 2358 248 2416 Et
259 2356 332 2416 lauri
345 2358 454 2425 baccas,
474 2356 634 2431 oleamque,
655 2361 832 2428 cruentaque
845 2362 950 2431 myrta:
1038 2391 1040 2402 ·

207 2461 287 2519 Tum
301 2458 420 2536 gruibus
435 2457 549 2535 pedicas
563 2465 593 2514 et
605 2454 677 2514 retia
689 2473 796 2533 ponere
807 2456 909 2528 cervis,

207 2543 385 2638 Auritosque
397 2560 477 2637 sequi
489 2560 615 2637 leporea;
637 2567 700 2615 tum
713 2556 803 2633 figere
816 2558 923 2628 damas,
1039 2563 1040 2598 l

208 2665 332 2741 Stuppca
346 2670 529 2739 torquentem
538 2660 662 2720 Balearis
674 2661 792 2718 verbera
804 2660 922 2733 fundae3

207 2766 367 2826 Ouumnix
374 2766 431 2824 alta
434 2763 520 2842 jacet,
527 2762 650 2841 glaciem
656 2762 874 2839 quumflumina
881 2764 997 2824 trudunt.

246 2868 329 2928 Quid
343 2866 521 2945 tempestates
533 2863 682 2925 aubtumni
695 2874 726 2922 et
738 2865 827 2923 fidera
840 2865 955 2927 dicam?
1004 2867 1006 2874 '
1038 2877 1040 2938 l

205 2974 315 3049 Atque,
324 2972 376 3030 ubi
385 2970 447 3048 jam
456 2970 627 3047 breviorque
640 2969 700 3027 dics
713 2978 744 3028 et
755 2970 873 3030 mollior
883 2973 967 3043 elba,
1039 2943 1040 2962 Χ

206 3075 283 3133 Quae
300 3074 446 3150 vigilanda
458 3072 545 3131 viris?
567 3059 622 3141 iel,
642 3090 735 3148 quum
750 3071 811 3131 ruit
827 3072 998 3135 imbriferum
1039 3089 1040 3096 ’

283 3194 342 3246 ver,

204 3276 304 3355 Spicea
314 3275 375 3354 jam
388 3275 495 3355 campis
506 3296 596 3354 quum
608 3276 700 3335 meliis
712 3275 868 3348 inhorruit,
879 3289 909 3339 ct
917 3294 997 3358 quum

203 3379 357 3441 Frumento
369 3378 401 3440 in
413 3379 500 3441 viridi
512 3378 615 3466 stipuli
626 3378 763 3440 ladtentia
775 3386 937 3461 turgueat?-
