2250 4050
170 483 211 541 ⁶4
405 475 737 547 GEORGICON,
862 475 950 532 mall.

171 632 284 696 ennea
299 631 354 691 tibi
366 634 503 693 Cererem
514 636 605 711 puber
618 632 733 712 agrestia
745 632 843 690 adoret
849 653 859 703 ς

172 736 231 809 Qui
244 745 278 794 tu
289 735 363 794 labe
376 735 456 795 saroa
468 746 500 794 et
511 737 578 795 miti
592 737 672 795 dilue
684 734 810 805 Baccho,

173 841 292 916 Terque
304 852 392 897 novae
404 837 513 898 circum
525 838 598 898 felix
610 849 658 897 eat
670 837 761 896 hostia
773 837 881 914 fruges:
945 867 948 875 ·

175 941 281 1001 Omnia
294 959 381 1016 quam
394 941 498 1000 chorus
510 950 541 999 et
552 941 623 1000 socii
635 941 812 999 comitentur
824 946 935 1000 orantes,

173 1045 212 1101 Et
226 1044 363 1102 Cererem
374 1043 502 1102 clamore
514 1053 618 1101 vocent
630 1043 663 1100 in
676 1043 765 1113 tecta,
786 1059 877 1118 neque
888 1046 940 1099 ante

173 1147 289 1205 Falcem
302 1145 420 1203 maturis
433 1146 585 1222 quisquam
598 1145 741 1223 supponat
752 1145 852 1215 aristis,

176 1248 276 1305 Quam
288 1247 397 1316 Cereri,
417 1249 493 1306 torta
505 1248 655 1307 redimitus
668 1258 798 1324 tempora
811 1263 918 1323 quercu,

173 1351 237 1420 Det
249 1358 346 1409 motus
358 1350 570 1428 incompofitos,
590 1361 619 1409 et
631 1351 760 1408 carmina
774 1350 861 1409 dieat.

193 1510 197 1519 ,
213 1453 324 1528 Atque,
337 1451 399 1510 baec
410 1464 445 1510 ut
455 1453 541 1510 certis
553 1454 688 1530 poffimua
699 1453 809 1511 discere
823 1449 914 1529 tignis,

177 1555 341 1630 AEstusque,
360 1554 536 1631 pluviasque,
553 1565 584 1613 et
597 1556 709 1632 agentis
720 1555 831 1632 frigora
843 1561 940 1617 ventur

175 1657 240 1735 Ipse
253 1659 337 1716 Pater
350 1657 457 1727 statuit,
477 1658 548 1733 quid
561 1659 703 1716 menstrua
717 1660 802 1716 Luna
815 1663 940 1718 monereti

177 1763 248 1819 Quo
261 1760 342 1837 ligno
354 1761 488 1817 caderent
500 1759 600 1831 austri,
621 1761 691 1836 quid
704 1759 778 1836 saepe
790 1759 915 1818 videnter

178 1863 325 1942 Agricolae
337 1863 468 1940 proprius
481 1862 596 1921 stabulis
609 1874 738 1923 armenta
753 1871 891 1922 tenerent.

177 1966 335 2037 Continuo,
349 1965 442 2023 ventis
456 1964 647 2043 surgentibus,
668 1975 718 2027 aut
731 1967 806 2025 freta
819 1965 899 2045 ponti

177 2068 327 2146 Incipiunt
340 2068 449 2147 agitata
462 2069 629 2139 tumescere,
647 2079 678 2128 et
689 2070 785 2129 aridua
798 2070 865 2129 altis

177 2170 332 2229 Montibus
344 2171 437 2230 audiri
449 2172 547 2248 fragor
550 2197 561 2244 3
582 2185 632 2231 aut
644 2172 807 2231 resonantia
819 2174 905 2250 longe

177 2275 276 2334 Litora
285 2273 406 2345 misceri,
420 2285 450 2333 et
460 2291 611 2333 nemorum
623 2276 833 2335 increbrescere
841 2280 950 2334 murm&

177 2378 245 2455 Jam
258 2377 310 2436 libi
324 2387 387 2435 tum
400 2377 493 2435 curvis
505 2377 582 2435 male
595 2386 734 2454 temperat
749 2379 829 2437 unda
841 2374 945 2437 carinia=

179 2481 283 2540 Quum
296 2480 392 2538 medio
404 2480 508 2537 celeres
521 2480 651 2538 revolant
662 2498 701 2537 ex
713 2497 829 2555 equore
842 2476 934 2554 mergi,

178 2583 400 2658 clamoremque
418 2583 515 2639 serunt
528 2583 564 2640 ad
576 2581 675 2651 litora,
696 2601 847 2659 quumque
864 2578 950 2641 urrarissl

178 2685 214 2742 In
228 2685 300 2742 sicco
312 2684 418 2743 ludunt
430 2684 541 2754 firlicae5
563 2695 701 2759 notasque
714 2685 835 2761 paludes

177 2785 302 2858 Deserit,
323 2796 412 2862 atque
424 2786 514 2845 altam
526 2786 609 2864 supra
621 2788 699 2845 volat
711 2788 796 2845 ardea
810 2790 922 2846 nubem.

179 2894 259 2969 Saepe
272 2891 360 2948 etiarn
373 2890 472 2958 stellas,
485 2901 572 2948 vento
586 2889 771 2968 inpendente,
784 2891 896 2950 videbis

179 2993 342 3072 Praecipites
354 2993 428 3051 coelo
441 2992 508 3061 labi,
528 2992 676 3069 noctisque
688 3012 740 3069 per
751 2995 886 3052 umbram

179 3096 374 3154 Flammarum
382 3095 485 3172 longos
497 3115 517 3156 a¹
527 3104 610 3171 tergo
627 3095 768 3153 albescere
782 3098 903 3167 trabum

179 3201 258 3276 Saepe
268 3199 362 3256 levem
374 3198 486 3275 paleam
498 3205 528 3254 et
541 3198 657 3255 frondes
669 3198 791 3258 volitare
804 3200 929 3271 caducas,

179 3304 243 3359 Aut
255 3301 366 3359 summa
378 3300 474 3359 nantis
486 3301 519 3358 iu
532 3300 607 3376 aqut
619 3300 773 3359 conludere
785 3302 906 3379 plumea.

183 3406 226 3472 At
235 3406 332 3482 Boreca
343 3403 380 3462 de
392 3413 472 3480 parte
485 3402 575 3462 trucis
586 3421 678 3480 quum
690 3403 839 3476 fulminat,
851 3415 882 3466 et
890 3415 948 3483 qum
