2250 4050
169 482 229 535 1⁵4
488 469 653 533 CIBIS.
862 472 925 538 nant

159 630 251 689 'Tene
264 647 329 706 ego,
349 617 410 687 tam
422 629 510 707 longe
523 638 607 707 capta
621 639 710 706 atque
722 627 828 695 aresta)
845 619 925 700 nequit

169 731 247 792 Tam
260 751 346 808 grave
359 731 517 801 servitium,
535 741 597 790 tam
610 734 697 790 duros
709 730 787 808 paffa
799 730 904 793 labores,

170 833 318 912 Effugere,
338 844 373 892 ut
385 834 478 893 sistam
490 834 615 893 exitium
628 835 745 892 crudele
759 830 894 891 meorum?

172 937 239 1015 Jam
248 935 309 1014 jam
323 955 376 994 nec
389 936 471 995 uobis
484 956 527 1008 ea,
548 955 614 1012 quae
626 937 796 1004 senioribus,
814 934 897 992 ullum

173 1039 265 1116 Copia
277 1039 393 1097 vivendi
406 1039 473 1097 vitae
486 1058 587 1116 genus.
628 1040 671 1097 Ut
687 1038 759 1114 quid
771 1057 826 1116 ego
838 1050 923 1099 amens

173 1145 218 1202 Te
230 1144 336 1221 erepti,
357 1162 375 1200 o
387 1143 568 1202 Britomarti!
590 1161 664 1201 meae
676 1143 739 1219 spes
749 1160 808 1200 una
821 1137 912 1210 salutis,

173 1246 229 1316 Te,
248 1245 424 1315 Britomarti,
443 1246 520 1304 diem
534 1247 615 1323 potui
629 1247 786 1324 produoere
798 1245 876 1304 vite?

175 1352 275 1424 Atque
287 1348 402 1407 utinam
414 1348 501 1406 celeri
513 1368 550 1406 ne
564 1357 678 1407 tantum
692 1358 773 1426 grata
785 1348 880 1408 Dianae

175 1453 305 1513 Venatus
317 1451 385 1509 esses
397 1452 480 1529 virgo
492 1452 595 1510 sedata
608 1451 745 1520 virorum,

177 1555 293 1614 Cuoffia
305 1573 363 1612 neu
376 1553 480 1612 Partho
492 1553 667 1612 contendeus
680 1553 790 1631 spicula
803 1569 884 1611 comu

178 1657 302 1716 Didtaeas
315 1675 412 1734 ageres
425 1657 461 1714 ad
476 1655 606 1732 gramina
618 1664 686 1714 nota
699 1656 837 1732 capellas:

178 1761 348 1836 Nunquam,
369 1769 430 1817 tam
443 1759 549 1816 obnixe
561 1757 676 1834 fugiens
688 1757 803 1816 Minois
815 1769 915 1819 amorffls

179 1865 305 1940 Praeceps
319 1861 401 1921 airiis
414 1861 527 1938 speculi
539 1862 575 1919 de
588 1861 736 1918 montibus
747 1858 824 1930 iffes3

180 1967 268 2024 Unde
281 1966 331 2024 alii
343 1964 446 2042 fugisse
458 1965 565 2034 serunt,
584 1972 615 2020 et
626 1963 749 2021 numina
761 1963 876 2041 Aphaeae

180 2068 310 2145 Virginis
323 2068 472 2144 adsignant
480 2073 489 2123 :'
509 2066 569 2136 alii,
589 2085 647 2142 quo
660 2065 756 2124 notior
768 2066 847 2135 essee,

180 2172 359 2248 Didynnam
372 2170 471 2228 dixere
483 2179 535 2227 tuo
547 2168 714 2227 de-nomiue
727 2170 851 2227 Lunam.

182 2274 247 2332 Sint
258 2274 320 2332 hee
333 2291 399 2331 vera
411 2272 513 2331 velim:
535 2270 610 2330 mihi
623 2281 709 2339 certe,
730 2280 827 2347 gnata,
846 2262 924 2347 periffi

182 2378 352 2452 Numquam
375 2393 430 2451 ego
455 2384 483 2432 te
507 2373 620 2433 summo
640 2373 813 2432 volitantem
829 2372 859 2431 iu
874 2376 924 2429 vert

214 2545 218 2553 q
260 2478 368 2537 montis

182 2586 333 2659 Hyrcanos
346 2583 422 2639 inter
433 2581 552 2639 comites
565 2600 727 2658 agmenque
739 2583 864 2641 seranum

183 2686 373 2763 Conspiciam‚
393 2704 446 2742 neo
460 2694 488 2742 te
501 2686 668 2743 redeuntem
681 2686 815 2763 amplexa
829 2681 925 2742 tenebo.

182 2792 295 2864 Verum
307 2788 369 2846 haec
382 2797 445 2845 tum
459 2786 541 2845 nobis
554 2787 650 2863 gravia
664 2798 751 2862 atque
764 2788 880 2865 indigua
890 2782 925 2839 sut

183 2895 271 2964 Tum,
284 2910 349 2950 mea
362 2890 487 2958 alumna,
503 2889 547 2946 tui
560 2908 628 2946 cum
640 2888 703 2965 spes
715 2889 830 2967 integra
844 2899 925 2947 maner

183 2998 221 3054 Et
235 3017 290 3054 vox
304 2995 354 3065 ista
367 3013 444 3051 meas
457 3012 515 3050 non
529 2994 599 3051 dum
611 2991 767 3050 violaverat
780 3012 868 3051 aures.

183 3100 264 3157 Tene
276 3098 364 3155 etiam
378 3097 502 3154 Fortuna
514 3094 588 3152 mihi
601 3094 725 3151 crudelis
737 3095 860 3153 ademit?

184 3203 274 3270 Tene,
295 3201 326 3256 o!
349 3199 407 3257 sola
420 3217 492 3256 meae
504 3196 621 3255 vivendi
633 3197 726 3255 caussa
740 3197 873 3255 senediaei

185 3304 273 3380 Saepe,
294 3312 345 3359 tuo
357 3301 435 3359 dulci
447 3300 642 3376 nequidquam
654 3308 737 3375 capta
751 3300 857 3377 sopore,

186 3406 262 3464 Cum
275 3414 416 3482 premeret
429 3413 540 3492 natura,
561 3402 635 3475 mori
647 3420 695 3460 me
707 3402 783 3462 velle
794 3396 898 3479 negavi,
912 3437 914 3442 ·
