2250 4050
179 428 235 490 186
436 429 716 497 AENE1D05,
879 417 942 485 uri·

172 582 333 643 Posthabite
347 585 462 644 coluiffe
476 587 576 645 Sarno:
598 586 738 644 hic-illius
750 604 836 654 arma,

171 686 231 743 Hic
244 705 342 744 currus
355 687 426 746 fnit:
449 689 639 771 hocuregnum
657 691 710 747 dea
724 689 856 766 gentibus
866 684 917 754 else,

171 788 202 846 Si
215 789 272 865 qui
285 790 345 851 fata
359 790 460 861 fiuant,
478 789 539 873 jam
555 801 618 849 tum
631 792 785 868 tenditque
796 791 922 869 foretque.

171 890 341 968 Progeniem
354 892 402 950 sed
416 893 495 950 enim
507 892 633 969 Trojano
646 912 661 950 a
676 892 818 968 sanguine
829 890 890 950 duci

170 993 323 1062 Audierat,
342 994 444 1071 Tyrias
465 995 536 1053 olim
549 1015 614 1072 quae
625 1005 751 1073 verteret
763 1013 841 1053 arces
847 1018 857 1065 ς

171 1095 251 1154 Hinc
262 1097 411 1173 populum,
432 1096 490 1154 late
503 1116 612 1174 regem,
632 1097 768 1172 belloque
778 1096 927 1173 superbum,

170 1200 337 1258 Venturum
350 1200 463 1258 excidio
476 1201 591 1278 Libyae:
614 1200 651 1258 fic
665 1199 780 1258 volvere
792 1201 896 1258 Parcae.

170 1301 206 1359 ld
220 1311 360 1374 metuens,
380 1303 540 1379 veterisque
559 1321 670 1360 mernor
684 1303 817 1360 Saturnia
830 1300 901 1368 belli,

169 1405 264 1464 Prima
277 1406 354 1481 qnod
365 1405 401 1464 ad
414 1405 531 1483 Trojam
543 1425 596 1482 pro
608 1405 680 1464 caris
694 1405 817 1482 gesserat
829 1404 918 1482 Argis:

170 1509 235 1567 Nec
248 1510 319 1567 dum
331 1509 420 1567 etiam
433 1509 535 1568 cauffae
546 1509 656 1568 irarum
668 1508 794 1586 saevique
806 1509 908 1568 dolore

171 1610 346 1669 Exciderant
358 1611 469 1683 animm
491 1621 590 1670 manet
602 1612 660 1673 alte
674 1623 773 1671 mente
786 1612 916 1689 repostum

170 1713 320 1791 Judicium
332 1714 447 1783 Paridis,
467 1713 623 1792 spretaeque
635 1712 741 1791 injuria
752 1716 862 1785 formae,

171 1816 210 1873 Et
223 1834 314 1893 genus
326 1815 461 1886 invisum,
481 1826 512 1874 et
523 1816 599 1894 rapti
612 1805 790 1892 Ganymedis
802 1818 922 1877 honorez
935 1854 938 1863 ·

171 1920 227 1978 His
239 1920 359 1979 adcensa
372 1918 465 1997 super,
481 1919 602 1997 jaeiatos
614 1938 729 1996 aequore
742 1931 806 1979 toto

170 2024 269 2095 Troas,
283 2022 422 2099 -reliquias
436 2022 570 2081 Danaum
582 2031 668 2099 atque
680 2022 793 2081 inmitis
805 2017 913 2087 Achilli·

171 2126 299 2185 Arcebnt
311 2127 398 2203 longe
411 2125 509 2183 Latio:
532 2126 696 2201 multosque
706 2144 761 2202 per
773 2144 861 2183 annon
904 2190 907 2197 ¹

171 2230 321 2297 Errabant,
341 2228 397 2287 affl
410 2227 487 2296 fatis,
505 2228 597 2295 maria
610 2227 708 2286 omnia
721 2227 842 2287 circum.
934 2262 938 2269 ·

170 2332 274 2390 Tantae
286 2330 370 2389 molis
383 2340 443 2388 erat
456 2331 616 2388 Romanam
629 2331 752 2387 condere
765 2328 893 2407 gentem!

209 2434 279 2504 Vix,
300 2433 480 2510 econspe&u
494 2432 596 2491 Siculae
609 2431 729 2500 telluris,
748 2431 781 2490 in
795 2432 882 2491 altum

170 2535 244 2594 Vela
257 2537 364 2594 dabant
376 2535 445 2603 laeti,
464 2543 495 2592 et
507 2533 620 2611 spumas
633 2532 698 2591 salis
711 2552 767 2593 aere
781 2536 907 2599 ruebant3
931 2567 936 2576 ·

169 2639 274 2704 ,Ouum
286 2639 373 2714 Juno,
391 2647 532 2694 aetemum
544 2635 657 2694 servans
669 2636 722 2693 sub
734 2636 847 2713 peaore
858 2630 939 2694 volum

170 2741 244 2799 Haee
257 2741 367 2797 secum:
389 2740 478 2796 Mene
491 2737 606 2814 incepto
619 2737 748 2795 defistere
761 2738 872 2807 vietam,

170 2844 203 2901 N
203 2862 235 2901 ec
247 2841 323 2920 porse
337 2840 421 2899 ltalia
431 2841 611 2898 Teucrorum
623 2849 752 2898 avertere
764 2840 874 2918 regem?

171 2944 289 3020 Quippe
302 2950 382 3000 vetor
394 2940 471 3000 fatis.
512 2941 639 2998 Pallasne
649 2960 771 2999 exurere
783 2940 888 3000 claffem

169 3046 324 3122 Argivum,
345 3053 431 3120 atque
443 3043 516 3120 ipsos
528 3043 625 3119 putuit
637 3042 820 3121 submergere
830 3046 911 3119 ponte

169 3149 265 3209 Unius
277 3151 315 3206 ob
329 3166 435 3205 noxam
446 3156 477 3204 et
490 3144 579 3204 furias
592 3143 690 3221 Ajacis
702 3145 802 3204 Oilei?

169 3251 241 3327 Ipsa,
255 3251 333 3327 Jovis
346 3248 477 3326 rapidum
486 3246 612 3325 jaculata
622 3265 643 3305 e
656 3247 783 3305 nubibus
795 3246 892 3323 ignem.

169 3350 347 3429 Disjecitque
360 3360 441 3421 rates,
462 3347 622 3424 evertitque
634 3366 749 3425 equora
760 3345 861 3412 ventiu
