2250 4050
186 462 243 528 172
423 449 757 515 CATALECTA.
907 463 955 515 rt.

184 611 284 670 Vittor
291 610 375 682 adest,
390 609 489 688 magni
498 612 821 688 magnumdeemeccel
836 611 954 691 triumphi

222 715 330 786 vietor,
351 714 408 791 qua
420 722 511 785 terrae,
523 713 639 790 quique
650 724 754 794 patent
764 718 865 791 mariar

165 894 170 904 .
182 819 307 878 Horrida
320 819 473 876 barbaricae
484 827 600 895 portans
612 819 737 896 insignia
747 841 859 900 pugnae,
885 822 888 831 ’

160 940 163 947 ’
221 926 348 1000 Magnus
359 933 394 981 ut
407 922 541 991 OEnides,
560 933 652 999 utque
664 924 802 1002 superbus
814 929 893 1004 Eryx.

183 1029 248 1087 Nec
260 1027 356 1086 minus
367 1026 474 1085 idcirco
487 1026 594 1085 nostros
607 1047 776 1105 expromere
789 1039 884 1089 cantur

220 1131 377 1202 Maximus,
398 1139 427 1188 et
439 1129 548 1188 sanetos
560 1131 667 1209 dignus
678 1131 755 1191 inire
767 1133 876 1194 choros.

181 1237 247 1297 Hoc
258 1236 356 1311 itaque
368 1233 487 1292 insuetis
495 1232 587 1310 jader
600 1235 700 1312 magis,
723 1237 841 1314 optime,
859 1235 934 1295 eurirr

217 1339 304 1398 Quid
316 1339 353 1396 de
365 1341 394 1395 te'
406 1335 508 1414 poffim
519 1336 649 1409 scribere,
669 1340 777 1417 quidve
792 1341 855 1401 tibi.
897 1419 899 1421 Ι

180 1445 325 1519 Namque,
345 1442 456 1500 fatebor
468 1440 556 1512 enim,
576 1461 641 1519 quae
653 1443 782 1503 maxima
795 1438 934 1504 deterrendi

218 1546 337 1616 Debuit,
357 1544 490 1604 hortandi
501 1545 628 1604 maxima
641 1547 736 1606 cautla
748 1549 817 1608 fuit.

179 1653 271 1713 Pauca
283 1660 332 1708 tua
345 1649 377 1706 in
390 1649 494 1707 nostrae
507 1657 649 1707 venerumt
660 1651 789 1711 carmina
802 1633 910 1720 chartae,

217 1754 354 1814 Carmina
366 1773 433 1812 cum
445 1753 555 1830 lingua,
576 1762 640 1810 tum
653 1751 720 1825 sale,
740 1756 888 1834 Cecropia:

179 1860 323 1930 Carmina,
344 1877 409 1933 quae
422 1855 546 1934 Pylium,
565 1855 654 1914 seclis
666 1858 787 1936 adcepta
800 1858 904 1926 futuris,

217 1962 361 2032 Carmina,
380 1980 445 2040 quae
457 1959 571 2038 Pylium
585 1959 701 2019 vincere
713 1963 804 2041 digna
816 1964 909 2022 senem

177 2068 306 2126 Molliter
317 2066 366 2124 hic
378 2064 464 2124 viridi
475 2065 582 2142 patulae
593 2063 647 2122 sub
659 2067 789 2144 tegmine
802 2066 918 2145 quercitt·

215 2171 315 2229 Moeriu
328 2170 449 2247 pastores
462 2179 491 2226 et
504 2169 660 2228 Meliboeus
673 2180 770 2244 erant5

175 2275 280 2333 Dulcia
288 2272 427 2351 jadantes
439 2273 551 2331 alterno
562 2272 690 2332 carmina
703 2274 796 2345 versu,

215 2378 322 2437 Qualia
334 2376 490 2436 Trinacria²
502 2376 602 2435 doetus
616 2386 694 2436 amat
702 2376 825 2455 juvenis.

174 2482 315 2541 Certatim
327 2484 467 2539 ornabant
477 2500 577 2538 omnes
589 2482 718 2540 Heroida
731 2482 807 2555 divi,

208 2586 354 2645 Certatim
366 2586 449 2657 dive,
469 2603 588 2644 munere
600 2604 722 2662 quaeque
735 2586 796 2645 suo.

173 2690 298 2750 Felicem
311 2699 378 2748 ante
391 2689 459 2748 alias
473 2697 554 2747 tanto
566 2688 701 2766 scriptore
712 2689 852 2766 puellam!

194 2775 197 2781 ¹
211 2795 312 2853 Altera
325 2812 383 2851 nou
397 2793 474 2851 fami
487 2792 593 2851 dixerit
605 2791 660 2850 effe
672 2791 767 2869 prior:

171 2899 241 2958 Non
254 2898 313 2969 illa,
333 2897 526 2974 Hesperidum
539 2897 571 2954 ni
583 2915 703 2954 munere
715 2904 799 2974 capta
812 2894 910 2965 fuisset,

210 3003 287 3060 Quae
299 3001 443 3060 volucrem
455 3000 539 3059 cursu
550 3000 658 3060 -vicerat
672 3000 896 3078 Hippomenem3

170 3105 300 3165 Candida
313 3124 420 3182 cycneo
432 3124 492 3164 non
504 3105 582 3163 edita
594 3104 736 3181 Tyndaris
748 3124 819 3179 uror

208 3210 279 3267 Non
291 3208 391 3286 supero
403 3209 516 3286 fulgens
529 3207 674 3285 Calliopea
686 3208 765 3286 polo:

168 3311 248 3384 Non,
267 3312 383 3373 defensa
395 3313 447 3373 diu
458 3314 609 3372 volucrum
619 3312 777 3373 certamine
789 3331 935 3391 equormr,

207 3414 356 3495 Optabant
366 3417 463 3492 Graiae
474 3436 573 3495 quam,
590 3416 646 3480 fibi
661 3416 793 3495 qllisslsst»
811 3438 929 3494 menter
