2250 4050
176 469 233 523 134
476 463 546 524 CU
558 464 622 522 LE
635 465 674 524 X.
868 480 896 520 v.
908 462 956 519 ru.

172 619 233 677 Ista
245 617 314 677 levi.
352 619 431 677 Trun
443 621 571 697 prosiluit
584 621 771 688 furibundus,
791 627 822 677 et
833 618 913 676 illum

172 721 323 781 Obtritum
337 722 425 780 morti
437 724 527 782 misit:
549 723 598 782 cui
611 723 723 781 diditus
736 722 832 780 omnis

173 824 295 902 Spiritus
307 825 423 883 exceffit
435 804 552 886 sensus.¹
580 827 668 896 Tum
683 833 765 883 torva
779 833 919 883 tenentem

173 927 309 997 Lumina,
328 927 454 1004 respexit
465 928 626 1006 serpentem
638 928 818 986 comminus:
841 926 903 984 inde

172 1031 300 1108 Inpiger,
320 1031 469 1102 exanimis,
482 1031 532 1089 vix
544 1050 651 1108 conpos
663 1039 772 1100 mente,
793 1028 906 1105 refugit,

172 1134 212 1192 Et
225 1133 353 1191 validum
367 1133 467 1191 dextri
481 1141 617 1190 truncum
630 1132 758 1191 detraxit
771 1134 809 1191 ab
822 1150 901 1190 orno:

175 1235 238 1293 Qui
252 1233 332 1292 casus
345 1234 465 1293 sociaret
477 1255 571 1313 opem,
592 1254 737 1293 numenve
750 1234 880 1293 deorum.

176 1338 315 1413 Namque
326 1337 370 1394 illi
384 1338 531 1396 dederitne
543 1337 622 1395 viam
634 1336 759 1407 casusve,
782 1339 893 1404 deusve,

175 1441 296 1499 Prodere
309 1440 343 1498 srt
357 1440 492 1498 dubium:
503 1440 608 1523 ‚voluit
621 1439 670 1497 sod
682 1440 887 1497 vincere-tales.

175 1541 302 1600 Horrida
315 1541 455 1619 squamosi
467 1543 609 1601 volventia
622 1543 753 1600 membra
766 1541 902 1609 draconis,

176 1647 276 1720 Atque
289 1644 462 1714 relustantis‚
482 1645 587 1702 crebris
599 1645 734 1720 soedeque
746 1644 872 1720 petentis
954 1697 957 1703 .

174 1746 292 1818 lctibus,
311 1746 369 1805 osia
381 1747 457 1817 serit,
477 1746 602 1824 cingunt
614 1746 672 1822 qud
686 1755 816 1823 tempora
829 1745 920 1804 criste:

175 1851 223 1920 Et,
245 1852 322 1927 quod
335 1861 395 1909 erat
408 1852 514 1920 tardus,
533 1851 626 1908 somni
639 1851 778 1926 languore
791 1858 906 1919 remoto,

174 1953 298 2012 Nescius
311 1953 476 2032 adspiciens,
498 1953 585 2011 timor
597 1955 793 2011 obcaecaverat
806 1962 896 2011 artus:

175 2057 241 2114 Hoc
254 2057 350 2115 minus
362 2056 497 2134 inplicuit
510 2056 572 2114 dira
583 2056 739 2114 formidine
752 2066 890 2115 mentem.

176 2159 275 2220 Quem
287 2160 432 2237 postquam
447 2160 522 2218 vidit
534 2159 639 2216 caesum
650 2158 844 2234 languescere,
858 2156 929 2217 sedit

214 2263 280 2339 Jam
290 2262 384 2337 quatit
391 2271 420 2319 et
429 2259 539 2338 bijuges
549 2260 643 2318 oriens
651 2262 746 2317 Erebo
753 2262 796 2318 cit
802 2280 890 2337 equos
897 2256 954 2318 Νοῐι

176 2364 215 2422 Et
227 2363 309 2442 piger
320 2372 420 2422 aurato
432 2363 561 2439 procedit
573 2362 682 2439 Vesper
694 2364 732 2420 ab
744 2363 837 2435 OEtd;

173 2466 261 2535 Cum,
271 2484 358 2541 grege
365 2464 511 2542 conpulso,
519 2465 620 2541 pastor,
632 2464 850 2542 duplicantibus
857 2458 953 2525 umbss't

174 2567 273 2636 Vadit,
292 2568 366 2625 etin
379 2567 462 2625 sessos
475 2567 606 2642 requiem
619 2567 687 2625 dare
699 2578 838 2644 conparat
851 2578 930 2627 amnt

174 2667 265 2747 Cujus
278 2679 311 2727 ut
320 2669 441 2751 ‚intravit
453 2669 544 2728 levior
555 2688 607 2746 per
619 2687 738 2746 corpora
751 2670 876 2739 somnus,

172 2772 382 2851 Languidaque
394 2772 484 2829 effuso
497 2771 665 2848 requierunt
678 2774 810 2831 membra
823 2774 924 2853 soporo}

172 2874 294 2953 Effigies
306 2876 343 2933 ad
355 2893 422 2932 eum
435 2874 544 2933 Culicis
556 2874 683 2944 devenit,
703 2874 802 2945 etuti,

171 2978 272 3037 Tristis
284 2980 321 3036 ab
332 2987 448 3046 eventu,
468 2975 575 3034 cecinit
588 2976 719 3034 convicia
732 2978 844 3038 mortis.

171 3078 287 3156 Inquit:
310 3078 392 3137 Ouid
406 3078 533 3148 meritus,
555 3079 591 3135 ad
605 3097 671 3154 quae
683 3079 805 3150 delatus,
826 3080 926 3139 aoerbss

171 3182 267 3259 Cogor
280 3181 358 3239 adire
371 3182 466 3239 vices?
488 3190 537 3239 tua
551 3181 623 3238 dum
635 3180 710 3238 mihi
723 3183 818 3242 carior
830 3181 887 3260 ipsi

169 3283 240 3342 Vita
252 3283 310 3341 fuit
322 3282 391 3352 vita,
410 3283 504 3359 rapior
515 3302 567 3360 per
579 3282 677 3340 inania
690 3285 794 3344 ventis.

169 3385 218 3459 'Iu
230 3386 324 3445 lentus
338 3386 447 3446 refoves
456 3382 585 3461 jucundi
598 3387 728 3445 membra
740 3387 847 3465 quiete,
