2250 4050
406 435 451 482 ΙΝ
483 431 737 482 VIRGILIUM

296 576 435 638 Delphinum
446 576 504 623 filvis
515 575 624 638 appingit,
641 573 760 621 ‘fluetibus
767 569 855 636 aprum!

168 663 278 712 Similitcr
288 665 431 724 Claudianus,
447 665 471 711 in
481 664 547 710 Prob.
557 664 617 711 cons.
631 678 654 710 r.
668 661 722 725 169.

298 785 402 801 .....
420 769 457 814 pcr
468 752 578 799 ‘flumina
587 751 675 798 ‹lamae'

301 842 428 888 Errabunt:

170 929 209 976 ubi
220 930 279 976 hunc
289 930 365 977 locum
376 930 463 990 Virgilii
475 926 548 992 aperti
559 929 661 976 imitatus
671 927 711 973 est.

203 1019 252 1064 Nec
269 1015 352 1078 egregie
367 1033 412 1064 non
430 1016 488 1064 favet
499 1017 559 1064 nobie
569 1017 667 1080 ejusdem
677 1010 806 1060 onutiffimi
822 1005 909 1072 poilaelt

170 1121 216 1154 nun
225 1106 269 1152 alio
279 1105 359 1164 colore,
375 1106 399 1152 in
411 1106 553 1168 Eutropium,
570 1105 586 1151 i.
599 1117 653 1168 354

300 1225 499 1242 .........
514 1192 563 1254 jam
574 1191 688 1252 ‘frugibus
697 1189 788 1251 aptum’

298 1282 396 1345 AEquor,
412 1294 435 1329 er
444 1281 562 1329 advectum
572 1280 629 1327 srlvis
640 1283 649 1310 ‘
655 1277 769 1341 delphina’
781 1274 865 1323 videbo.

203 1372 258 1418 Ver.
268 1381 307 1434 73.
333 1370 420 1438 Quivis,
433 1369 539 1417 intentius
548 1369 654 1433 spectans,
662 1367 761 1428 agnoscet
769 1379 845 1412 veram
854 1360 909 1410 tertie

171 1460 212 1508 effe
224 1460 354 1521 ‘perduxit’
373 1459 518 1506 Dubitantem
529 1458 664 1506 remittimus
673 1457 700 1503 ad
709 1453 872 1503 Ruhnkenium
881 1451 909 1498 in'

172 1550 258 1597 Patere.
268 1548 292 1596 li.
306 1545 358 1594 166.
370 1560 393 1595 a.

205 1637 254 1683 Ecl.
269 1636 295 1683 ii.
311 1649 350 1682 20.
381 1632 473 1682 Peffime
489 1634 627 1697 dispungitur
644 1633 691 1696 post
708 1631 824 1695 ‘penoris'
854 1630 887 1678 stc
896 1641 909 1672 ·¹

175 1726 235 1773 Geo.
246 1725 272 1771 ii.
291 1721 344 1784 14⁶.

300 1811 361 1858 Hinc
372 1811 449 1869 ‘albi,'
466 1811 591 1870 Clitumne,
607 1810 750 1871 ‘greges'm

238 1902 292 1950 ibid.
307 1901 340 1947 iii.
361 1913 415 1962 391.
484 1917 495 1937 ·

301 1989 397 2036 Munere
408 1987 435 2035 stc
446 1987 526 2036 ‘niveo
535 1986 606 2036 lanae'
615 2011 655 2036 -.

237 2080 340 2127 Valerius
351 2078 450 2134 Flaccus,
467 2078 484 2124 i.
503 2092 542 2139 90.

302 2198 309 2213 .
326 2198 333 2213 .
352 2200 358 2211 .
378 2198 385 2213 .
401 2166 517 2227 ‘niveique
527 2168 614 2226 greges'
624 2166 701 2213 altaria
710 2165 807 2225 cingent.

173 2257 263 2304 Fatetur
273 2255 304 2302 est
315 2254 425 2317 Heynius,
436 2253 489 2301 crim
501 2264 565 2317 putet
575 2251 618 2301 alit
628 2254 767 2301 distinetione
778 2254 866 2301 versum
876 2251 909 2298 lter

173 2344 328 2394 merofiorem:
346 2343 406 2405 quafi
419 2344 466 2390 haec
479 2344 562 2391 casura
576 2359 621 2390 uon
635 2342 702 2390 fuerit
715 2340 786 2389 etiam
801 2340 909 2404 frequenti

172 2443 194 2480 et
209 2434 267 2481 aliud
285 2435 354 2495 magis
369 2432 533 2481 commendaret
546 2432 619 2495 poeiin
637 2433 754 2495 pausarum
769 2431 885 2480 varietate!
907 2433 909 2475 ζ

173 2522 235 2568 nobis
247 2522 342 2569 Servius.

205 2610 252 2657 Ecl.
264 2610 296 2656 ili.
314 2608 356 2656 6ο.
380 2610 456 2656 Audio
465 2610 580 2657 secundam
592 2609 794 2672 interpretationem
804 2609 890 2657 Servii:
907 2622 909 2636 ’

172 2702 190 2732 “
202 2700 284 2758 Mulae,
300 2700 414 2747 sumamus
429 2700 456 2746 ab
470 2701 526 2764 Jove
540 2700 698 2763 principium.”
731 2699 839 2748 Conferas
855 2714 909 2763 prat

173 2797 219 2836 tem
231 2787 327 2845 versum,
344 2796 366 2833 et
375 2788 416 2834 ecl.
425 2788 466 2851 vii.
487 2800 525 2849 19.

204 2877 261 2924 Ver.
271 2889 326 2937 109.
339 2874 432 2923 Dudum
440 2876 589 2925 divinaveram
598 2878 767 2939 transponendae
774 2879 816 2925 effe
824 2881 906 2925 vocee‘

159 2946 220 3012 ¹res’
236 2975 259 3012 et
274 2970 375 3011 ‘amaros
380 2965 397 3023 ς’
419 2965 453 3011 sed
469 2975 519 3012 ante
534 2981 580 3023 me,
601 2966 658 3028 quod
675 2964 721 3013 sero
739 2967 895 3025 intellexerim,

174 3053 283 3100 ‘Eberto’
295 3054 318 3099 in
330 3063 428 3100 mentem
438 3064 536 3100 venerat·
561 3054 680 3101 ‘Amaros'
691 3052 782 3117 quidem
793 3056 875 3102 metuit
884 3070 909 3101 an

172 3152 198 3190 ut
208 3143 301 3201 videtur,
317 3144 446 3199 Damoetas;
466 3144 515 3190 vide
525 3158 592 3190 veras.
605 3142 644 3204 65.
657 3143 696 3191 81.
710 3158 764 3193 ror.
787 3146 909 3192 ‘dulces’a

172 3243 273 3293 expertus
283 3232 314 3278 est
325 3232 453 3278 Menalcas:
471 3231 520 3278 vide
530 3246 596 3278 verss.
609 3230 650 3278 66.
668 3245 708 3293 74

203 3319 251 3368 Eci.
266 3319 296 3367 iv.
319 3333 357 3385 33.
386 3319 515 3367 lectionem
534 3320 656 3382 amplector
674 3320 828 3383 longe'magis
844 3324 908 3386 exqol
