2250 4050
167 466 228 519 *aa
429 457 711 526 muamus,
875 411 946 510 vsso.

170 613 316 686 Constitit,
344 622 431 691 atque
452 615 543 674 oculis
566 612 697 692 Phrygia
713 611 827 691 agmina
845 610 947 670 circum·

248 718 355 795 spexit3

170 820 252 878 Heul
282 840 346 896 quae
366 839 445 879 nunc
466 821 561 892 tellus,
580 819 688 898 iuquit,
708 839 773 897 quae
790 837 837 878 me
855 832 948 893 equora

247 922 362 998 poliunt
576 921 578 926 ’

171 1024 332 1102 Adciper'e?
353 1035 404 1084 aut
416 1025 488 1103 quid
499 1024 561 1103 jam
580 1024 683 1084 misero
697 1024 771 1084 mihi
789 1024 946 1100 deniquem·

228 1139 238 1167 ²
249 1129 317 1186 stat?

172 1229 229 1288 Cui
239 1248 332 1306 neque
342 1231 417 1308 apud
426 1233 540 1290 Danaos
549 1249 671 1308 usquam
680 1231 774 1303 locus3
789 1239 818 1290 et
828 1224 946 1307 superipi

170 1332 343 1391 Dardanidae
354 1333 459 1393 infenfi
471 1354 570 1412 poeuas
581 1352 649 1392 cum
661 1320 804 1412 sanguiue
814 1333 927 1412 posomu

171 1436 241 1494 Quo
254 1437 366 1513 gemitu
382 1439 508 1496 converfi
522 1437 622 1506 animi,
641 1436 805 1514 conpreffus
817 1446 845 1495 et
857 1425 936 1494 omuit'

171 1539 303 1616 Iapetus:
326 1538 474 1598 hortamur
486 1538 550 1611 fari,
571 1558 629 1616 quo
642 1538 783 1616 sanguine
796 1548 892 1608 cretur,

172 1641 289 1701 Quidve
302 1642 391 1714 ferat;
412 1652 561 1711 memoret,
582 1660 646 1718 quae
659 1641 694 1700 fit
707 1641 813 1700 fiducia
826 1640 908 1718 enpt'o.

171 1743 224 1802 Ille
237 1744 308 1814 haec,
321 1745 454 1822 'deposita
468 1745 591 1819 taudem⁴
598 1743 764 1814 formidine,
784 1744 877 1802 fatur:

211 1848 323 1907 Cuncla
336 1848 471 1924 equidem
483 1847 547 1916 tibi,
565 1847 637 1919 Rex,
658 1847 747 1906 fuerit
760 1849 940 1925 quodeunque

288 1953 400 2011 fatebor

167 2056 257 2125 Vera,
267 2055 377 2132 inquit:
393 2074 487 2131 neque
494 2074 541 2113 me
553 2055 691 2133 Argolica
700 2057 737 2114 de
749 2065 836 2135 geute
846 2051 938 2131 negahv·

171 2160 238 2217 Hoc
250 2158 390 2236 primum:
413 2177 475 2227 nec,
493 2158 663 2217 umiferum
678 2159 802 2217 Fortuna
815 2158 927 2217 Sinonem

170 2261 279 2332 Finxit,
288 2280 394 2319 vanum
405 2260 492 2319 etiam
503 2256 730 2338 mendacemque
739 2254 936 2339 inprobarum

170 2364 268 2422 Fando
281 2364 398 2441 aliquod
411 2364 432 2421 fi
444 2364 519 2421 forte
532 2372 594 2421 tuas
607 2363 738 2440 pervenit
751 2363 871 2422 adamis

170 2466 278 2525 Belidae
290 2485 397 2525 nomen
410 2466 578 2536 Palamedis,
598 2474 628 2524 et
640 2466 751 2525 incluta
763 2468 841 2525 fama

170 2569 283 2639 Gloria;
306 2588 392 2645 quem
405 2568 475 2626 falsi
489 2567 541 2626 sub
553 2567 716 2645 proditione
730 2568 841 2646 Pelasgi

170 2672 326 2741 Insontem,
346 2671 464 2729 infando
477 2670 595 2739 indicio,
616 2670 682 2748 quia
695 2664 772 2729 bella
784 2671 896 2735 vetabat,

171 2774 319 2834 Demisere
330 2774 411 2844 neci;
433 2792 511 2831 nunc
524 2772 630 2831 cassum
640 2772 753 2830 lumine
763 2773 874 2851 lugent:

170 2880 219 2938 Illi
231 2898 278 2937 me
291 2879 439 2948 comitem,
459 2886 489 2935 et
501 2876 752 2953 consanguinitate
764 2877 934 2954 propinquum»

170 2984 283 3060 Pauper
293 2982 324 3039 in
338 3001 416 3040 arma
429 2990 511 3057 pater
520 2978 621 3057 primis
633 2978 691 3036 huc
703 2979 783 3037 milit
795 2980 831 3037 ab
843 2972 914 3036 anni&

169 3086 250 3146 Dum
264 3088 353 3145 stabat
365 3104 454 3163 regno
466 3082 629 3151 incolumis,
649 3101 809 3159 regumque
820 3078 915 3157 vigent

169 3190 308 3247 eonciliis
313 3214 321 3260 3
344 3198 373 3247 et
387 3207 438 3245 uos
452 3159 569 3262 aliquod
582 3203 755 3260 nomenque,
775 3185 907 3257 decusque,

169 3291 326 3349 Geffimns:
348 3290 458 3348 invidia
470 3288 619 3365 postquam
630 3286 747 3364 pellacia
759 3286 842 3346 Ulixi
946 3295 948 3312 '

169 3394 273 3470 (Haud
285 3393 385 3472 ignota
398 3392 512 3469 loquor)
527 3389 635 3468 superis
647 3389 783 3453 couceffit
794 3392 829 3451 ab
839 3383 896 3451 otili
