2250 4050
145 469 238 532 tut-37.
403 457 629 523 ECLOGA
661 462 686 522 1.

458 638 636 679 MEMBOEUS·

142 716 283 786 Mirabar,
302 719 373 794 quid
386 718 480 780 maesta
493 723 568 791 deos,
588 716 739 798 Amarylli,
758 734 888 791 vomit
954 747 956 750 ·

141 819 201 876 eui
212 822 337 896 pendere
349 821 398 880 sui
408 824 544 901 patereris
556 824 588 882 in
602 827 701 883 arbore
713 837 797 900 poma
802 847 813 893 a

140 919 260 998 Tityrus
273 922 342 982 hinc
352 927 461 983 aberat:
484 925 552 1003 ipsae
562 936 599 996 te,
617 925 727 1002 Tityre,
746 924 840 1002 pinna,

920 473 938 527 3

140 1023 198 1100 Ipfi
212 1031 241 1082 te
252 1025 355 1096 fontes,
374 1025 435 1104 ipsa
447 1028 510 1086 haec
522 1028 639 1096 arbusta,
652 1029 802 1086 vocabant.
919 1110 922 1117 .

468 1148 614 1190 urbanus.

141 1226 225 1286 Quid
238 1228 381 1290 facerem?
402 1250 495 1308 neque
507 1232 620 1292 servitio
632 1248 681 1291 me
693 1230 773 1290 exire
785 1230 897 1302 licebat,

140 1331 174 1389 N
174 1350 208 1388 ec
222 1341 282 1390 tam
294 1334 438 1409 prasentis
450 1334 519 1392 alibi
532 1333 699 1412 cognoscere
712 1336 799 1393 divos.

140 1434 200 1491 Hie
213 1434 296 1492 illum
308 1436 368 1494 vidi
377 1435 522 1513 juvenem,
542 1437 687 1505 Meliboee,
701 1435 852 1512 quotannis

140 1537 191 1594 Bis
205 1537 285 1595 senos
298 1539 346 1595 cui
358 1539 450 1598 nostra
463 1541 522 1597 dies
535 1539 634 1598 altaria
647 1538 769 1618 sumant.

141 1639 209 1697 Hoc
218 1640 292 1698 mihi
305 1640 468 1718 responsum
478 1641 586 1719 primm
599 1641 680 1699 dedit
690 1641 739 1698 ille
751 1639 875 1717 petenti:

141 1741 257 1812 Pascite,
270 1751 305 1800 ut
316 1752 391 1812 ante,
404 1745 498 1812 boves,
511 1743 606 1820 pueri3
627 1741 787 1800 submittite
800 1751 902 1800 tauros.

453 1860 632 1903 uaeramus.

139 1946 296 2004 Fortunate
308 1946 408 2018 senex3
428 1965 497 2023 ergo
510 1958 558 2004 tua
571 1964 635 2004 rura
645 1946 816 2004 manebunt!

138 2051 178 2107 Et
191 2050 247 2106 tibi
259 2067 365 2125 magna
375 2049 455 2107 satis:
477 2050 606 2125 quamvis
618 2049 690 2127 lapis
701 2050 799 2108 omnia
812 2051 914 2119 nudtss,

138 2151 311 2226 Limosoque
324 2152 403 2228 palus
413 2152 535 2209 obducat
546 2152 648 2228 pascua
658 2151 755 2228 juncu'

139 2254 209 2310 Non
223 2252 333 2310 insueta
347 2252 438 2328 gravis
451 2255 603 2311 tentabunt
615 2253 719 2329 pabula
731 2254 816 2327 fetas3

139 2356 172 2412 N
172 2374 206 2412 ec
218 2354 294 2412 mala
306 2354 395 2413 vicini
408 2356 515 2431 peeoris
527 2355 658 2431 contagia
670 2356 782 2415 laedent.

139 2457 296 2514 Fortunate
308 2456 409 2527 senex3
429 2456 477 2513 hic
490 2457 566 2514 inter
577 2457 699 2518 flumina
712 2468 781 2517 nota

138 2559 177 2614 Et
191 2559 279 2615 sontis
292 2557 382 2616 saeros
394 2558 485 2633 frigus
497 2559 624 2635 captabis
636 2577 767 2636 opacum.

138 2660 218 2717 Hinc
232 2660 295 2729 tibi,
316 2680 380 2735 quae
393 2660 501 2737 semper
513 2660 609 2719 vicino
620 2663 656 2718 ab
666 2660 759 2720 limite
771 2664 857 2741 saepes

138 2762 268 2838 Hyblaeis
281 2761 382 2838 apibus
393 2763 494 2819 florem
506 2764 617 2838 depasta
628 2764 727 2832 salient,

137 2866 218 2941 Saepe
230 2864 287 2922 levi
300 2864 431 2921 somnum
443 2864 573 2922 suadebit
584 2865 658 2921 inire
670 2865 782 2924 susurro
786 2891 795 2937 3

137 2967 219 3024 Hinc
232 2966 288 3023 alra
301 2966 353 3022 sub
365 2984 435 3041 rupe
447 2975 531 3023 canet
543 2967 689 3024 frondator
702 2968 740 3027 ad
751 2971 846 3025 aurasz'
867 2957 869 2964 ’

138 3070 203 3127 Nee
217 3079 314 3126 tamen
327 3067 434 3125 interea
447 3086 547 3135 raucae,
568 3077 617 3125 tua
630 3085 707 3132 cura,
726 3070 883 3145 palumbes,

137 3172 203 3230 Nec
215 3188 330 3248 gemere
340 3168 415 3227 abrit
427 3148 542 3227 cessabit
554 3178 649 3227 turtur
661 3172 697 3227 ab
709 3171 798 3231 ulmo.

464 3290 611 3329 rrrruus.

139 3379 218 3435 Ante
225 3376 301 3435 teres
312 3392 379 3449 ergo
384 3372 539 3449 pascentur
549 3374 583 3436 in
597 3396 718 3457 aequore
732 3379 826 3449 certi,
