2250 4050
238 449 296 511 258
496 438 538 498 AE
552 439 779 511 NEIDOS,
932 441 1030 498 v⁴282⁴

238 594 353 656 Nudati
365 595 443 654 socii.
483 597 571 674 Juvat
582 597 697 656 evasisse
709 606 754 654 tot
765 595 848 655 urbia

238 698 398 776 Argolicae,
416 700 583 776 mediosque
595 700 697 776 sugam
709 699 834 758 tenuisse
843 717 895 775 per
907 696 997 755 hostis.

238 805 353 871 Interea
364 822 505 880 maguum
517 803 558 862 sol
571 803 807 862 circumvolvitur
820 820 939 869 annum,

239 908 279 966 Et
292 906 419 984 glacialis
432 907 525 965 hiems
536 906 718 983 aquilonibus
731 906 843 982 asperat
856 907 957 963 undas.

240 1011 315 1070 AEre
328 1029 397 1070 cavo
410 1010 545 1088 clipeum,
565 1010 665 1088 magni
679 1011 826 1088 gestamen
839 1009 971 1076 Abantis,

241 1114 370 1180 Postibus
383 1115 502 1172 adversis
515 1115 584 1191 figo,
604 1124 633 1172 et
645 1134 708 1172 reru
720 1114 850 1173 carmine
863 1113 957 1190 signo:

243 1235 348 1276 nuans
370 1236 441 1274 aruc
462 1237 503 1276 nn
523 1237 640 1280 nanus
661 1237 858 1276 vroronraus
880 1233 975 1274 rnna.

241 1319 388 1394 Linquere
401 1330 465 1379 turn
477 1332 577 1398 portus
585 1320 683 1398 jubeo,
703 1332 734 1380 et
746 1322 893 1380 confidere
900 1313 1028 1379 transtris:

243 1422 385 1481 Certatim
397 1423 467 1482 socii
480 1425 589 1484 feriunt
600 1445 688 1496 mare,
708 1434 739 1483 et
752 1443 867 1500 aequora
881 1428 998 1480 verrunt

244 1527 385 1585 Protenus.
395 1527 484 1586 adrias
498 1528 650 1587 Phaeacum
662 1529 867 1588 abscondimus
876 1545 962 1595 arcer,

244 1628 401 1705 Litoraque
414 1630 495 1707 Epiri
507 1631 639 1708 legimus,
658 1641 802 1708 portuque
814 1630 943 1689 subimus

246 1731 387 1802 Chaonio,
406 1741 437 1788 et
450 1732 555 1791 celsam
568 1733 704 1791 Buthroti
717 1732 884 1791 adcedimus
896 1734 998 1790 urbem.

286 1834 345 1891 Hic
357 1834 533 1893 incredibilis
547 1854 645 1894 rerum
656 1838 734 1893 sama
747 1844 871 1912 occupat
883 1833 965 1904 auria,

246 1935 409 1995 Priamiden
423 1937 570 1995 Helenum
582 1939 683 1996 Graias
695 1956 815 2014 regnare
828 1956 880 2014 per
891 1937 975 2005 urbis,

247 2038 392 2116 Conjugio
404 2040 536 2099 AEacidae
549 2040 650 2117 Pyrrhi
663 2040 839 2118 sceptrisque
850 2041 990 2118 potitum

247 2142 287 2200 Et
298 2141 392 2219 patrio
405 2142 629 2200 Andromachen
642 2143 749 2201 iterum
761 2142 867 2201 ceffisse
879 2143 986 2201 marito.

249 2244 405 2322 Obstupui3
427 2246 557 2321 miroque
568 2245 718 2303 incensum
731 2246 829 2321 penus
842 2263 948 2313 amore,

249 2348 419 2424 Conpellare
432 2347 536 2417 virum,
556 2358 586 2405 et
599 2347 678 2406 casus
690 2347 860 2423 cognoscere
872 2358 973 2405 tanton

250 2450 417 2525 Progredior
430 2458 524 2526 portu,
544 2449 635 2509 claffis
648 2457 678 2507 et
690 2449 775 2507 litora
788 2449 933 2525 linquens.

250 2551 401 2609 Sollemnis
414 2561 478 2613 tum
491 2551 566 2609 sorte
580 2552 673 2628 dapes,
692 2560 723 2608 et
737 2550 824 2609 tristia
838 2552 924 2622 dona,

251 2656 331 2714 Ante
344 2656 446 2712 urbem
458 2654 490 2711 in
502 2654 578 2724 luco,
599 2654 662 2711 sals1
675 2653 828 2711 Simoentis
840 2654 877 2711 ad
890 2655 1001 2720 undam,

251 2758 375 2816 Libabat
388 2756 479 2813 cineri
493 2755 704 2824 Andromache,
725 2754 881 2833 Manisque
893 2758 1007 2815 vocabat

252 2860 428 2919 Hedoreum
442 2857 478 2915 ad
492 2858 638 2915 tumulum
643 2882 652 2929 ς
674 2856 760 2916 viridi
770 2877 858 2933 quem
870 2858 1033 2938 cespitem

331 2980 408 3031 nem,

253 3067 292 3123 Et
305 3064 441 3142 geminas,
461 3062 586 3121 caussam
597 3062 732 3133 lacrimis,
752 3063 911 3122 sacraverat
922 3084 988 3123 aras.

253 3169 298 3225 Ut
310 3186 358 3223 me
370 3165 518 3241 conspexit
530 3164 704 3233 venientem,
724 3174 753 3223 et
764 3166 854 3224 Troia
867 3168 976 3226 circum

253 3272 345 3325 Arma
359 3285 457 3325 amens
469 3267 552 3335 vidit,
571 3267 685 3343 magnis
697 3267 833 3325 exterrita
846 3270 984 3343 monstris,

196 3388 198 3391 ’
253 3368 391 3448 Deriguit
402 3368 465 3431 visu
477 3369 509 3427 in
521 3368 618 3438 medio
622 3393 633 3442 3
654 3371 731 3429 calor
743 3369 800 3431 offa
812 3371 930 3449 reliquit
935 3397 945 3443 ;
