<?xml version="1.0" encoding="UTF-8"?>
<!DOCTYPE html PUBLIC "-//W3C//DTD XHTML 1.0 Transitional//EN"
    "http://www.w3.org/TR/xhtml1/DTD/xhtml1-transitional.dtd">
<html xmlns="http://www.w3.org/1999/xhtml" xml:lang="en" lang="en">
 <head>
  <title>
</title>
<meta http-equiv="Content-Type" content="text/html;charset=utf-8" />
  <meta name='ocr-system' content='tesseract 3.04.00' />
  <meta name='ocr-capabilities' content='ocr_page ocr_carea ocr_par ocr_line ocrx_word'/>
</head>
<body>
  <div class='ocr_page' id='page_1' title='image "./pvirgiliimaroni03marogoog_0262.png"; bbox 0 0 2250 4050; ppageno 0'>
   <div class='ocr_carea' id='block_1_1' title="bbox 209 435 1014 508">
    <p class='ocr_par' dir='ltr' id='par_1_1' title="bbox 209 435 1014 508">
     <span class='ocr_line' id='line_1_1' title="bbox 209 435 1014 508; baseline 0.019 -16"><span class='ocrx_word' id='word_1_1' title='bbox 209 435 279 503; x_wconf 71' lang='lat' dir='ltr'>asti</span> <span class='ocrx_word' id='word_1_2' title='bbox 481 439 572 499; x_wconf 64' lang='grc' dir='ltr'>ΕΝ</span> <span class='ocrx_word' id='word_1_3' title='bbox 584 439 636 498; x_wconf 85' lang='grc' dir='ltr'>ΕΙ</span> <span class='ocrx_word' id='word_1_4' title='bbox 651 439 680 497; x_wconf 91' lang='lat' dir='ltr'>D</span> <span class='ocrx_word' id='word_1_5' title='bbox 694 438 723 497; x_wconf 92' lang='grc'>0</span> <span class='ocrx_word' id='word_1_6' title='bbox 736 439 765 508; x_wconf 86' lang='lat' dir='ltr'>s,</span> <span class='ocrx_word' id='word_1_7' title='bbox 917 442 1014 507; x_wconf 66' lang='lat' dir='ltr'>sur:</span> 
     </span>
    </p>
   </div>
   <div class='ocr_carea' id='block_1_2' title="bbox 218 593 1011 2633">
    <p class='ocr_par' dir='ltr' id='par_1_2' title="bbox 218 593 1011 2120">
     <span class='ocr_line' id='line_1_2' title="bbox 218 593 982 675; baseline -0.001 -23"><span class='ocrx_word' id='word_1_8' title='bbox 218 593 429 673; x_wconf 88' lang='lat' dir='ltr'>Diripiuntque</span> <span class='ocrx_word' id='word_1_9' title='bbox 445 599 540 675; x_wconf 85' lang='lat' dir='ltr'>dapes,</span> <span class='ocrx_word' id='word_1_10' title='bbox 560 596 754 674; x_wconf 68' lang='lat' dir='ltr'>conta&#39;quue</span> <span class='ocrx_word' id='word_1_11' title='bbox 765 595 865 655; x_wconf 87' lang='lat' dir='ltr'>omnia</span> <span class='ocrx_word' id='word_1_12' title='bbox 877 595 982 653; x_wconf 81' lang='lat' dir='ltr'>soedant</span> 
     </span>
     <span class='ocr_line' id='line_1_3' title="bbox 219 697 962 759; baseline 0.003 -5"><span class='ocrx_word' id='word_1_13' title='bbox 219 697 380 757; x_wconf 82' lang='lat' dir='ltr'>inmundo:</span> <span class='ocrx_word' id='word_1_14' title='bbox 404 711 468 758; x_wconf 90' lang='lat' dir='ltr'>tum</span> <span class='ocrx_word' id='word_1_15' title='bbox 480 720 537 759; x_wconf 81' lang='lat' dir='ltr'>vox</span> <span class='ocrx_word' id='word_1_16' title='bbox 551 710 659 759; x_wconf 84' lang='lat' dir='ltr'>tetrum</span> <span class='ocrx_word' id='word_1_17' title='bbox 671 701 733 758; x_wconf 90' lang='lat' dir='ltr'>dira</span> <span class='ocrx_word' id='word_1_18' title='bbox 747 699 825 758; x_wconf 89' lang='lat' dir='ltr'>inter</span> <span class='ocrx_word' id='word_1_19' title='bbox 837 700 962 757; x_wconf 86' lang='lat' dir='ltr'>odorem.</span> 
     </span>
     <span class='ocr_line' id='line_1_4' title="bbox 219 800 907 881; baseline 0.003 -23"><span class='ocrx_word' id='word_1_20' title='bbox 219 800 345 860; x_wconf 87' lang='lat' dir='ltr'>Rursum</span> <span class='ocrx_word' id='word_1_21' title='bbox 358 801 389 860; x_wconf 91' lang='lat' dir='ltr'>in</span> <span class='ocrx_word' id='word_1_22' title='bbox 404 801 509 862; x_wconf 82' lang='lat' dir='ltr'>secessu</span> <span class='ocrx_word' id='word_1_23' title='bbox 522 804 619 881; x_wconf 84' lang='lat' dir='ltr'>longo,</span> <span class='ocrx_word' id='word_1_24' title='bbox 640 803 694 861; x_wconf 92' lang='lat' dir='ltr'>sub</span> <span class='ocrx_word' id='word_1_25' title='bbox 710 822 783 880; x_wconf 87' lang='lat' dir='ltr'>rupe</span> <span class='ocrx_word' id='word_1_26' title='bbox 797 804 907 872; x_wconf 71' lang='lat' dir='ltr'>cavatd,</span> 
     </span>
     <span class='ocr_line' id='line_1_5' title="bbox 219 901 1011 982; baseline 0.001 -21"><span class='ocrx_word' id='word_1_27' title='bbox 219 903 380 962; x_wconf 86' lang='lat' dir='ltr'>Arboribus</span> <span class='ocrx_word' id='word_1_28' title='bbox 392 905 477 964; x_wconf 85' lang='lat' dir='ltr'>claufi</span> <span class='ocrx_word' id='word_1_29' title='bbox 488 906 607 975; x_wconf 88' lang='lat' dir='ltr'>circum,</span> <span class='ocrx_word' id='word_1_30' title='bbox 618 917 705 982; x_wconf 87' lang='lat' dir='ltr'>atque</span> <span class='ocrx_word' id='word_1_31' title='bbox 715 905 901 966; x_wconf 79' lang='lat' dir='ltr'>horrentibus</span> <span class='ocrx_word' id='word_1_32' title='bbox 909 901 1011 971; x_wconf 86' lang='lat' dir='ltr'>umbris,</span> 
     </span>
     <span class='ocr_line' id='line_1_6' title="bbox 219 1006 952 1087; baseline 0.004 -24"><span class='ocrx_word' id='word_1_33' title='bbox 219 1006 389 1065; x_wconf 83' lang='lat' dir='ltr'>instruimus</span> <span class='ocrx_word' id='word_1_34' title='bbox 401 1007 521 1078; x_wconf 88' lang='lat' dir='ltr'>mensas,</span> <span class='ocrx_word' id='word_1_35' title='bbox 541 1009 653 1086; x_wconf 88' lang='lat' dir='ltr'>arisque</span> <span class='ocrx_word' id='word_1_36' title='bbox 666 1009 833 1087; x_wconf 80' lang='lat' dir='ltr'>reponimus</span> <span class='ocrx_word' id='word_1_37' title='bbox 845 1009 952 1086; x_wconf 85' lang='lat' dir='ltr'>ignem.</span> 
     </span>
     <span class='ocr_line' id='line_1_7' title="bbox 219 1109 904 1189; baseline 0.007 -23"><span class='ocrx_word' id='word_1_38' title='bbox 219 1109 344 1167; x_wconf 87' lang='lat' dir='ltr'>Rursum</span> <span class='ocrx_word' id='word_1_39' title='bbox 356 1129 393 1168; x_wconf 78' lang='lat' dir='ltr'>ex</span> <span class='ocrx_word' id='word_1_40' title='bbox 406 1111 517 1170; x_wconf 83' lang='lat' dir='ltr'>diverso</span> <span class='ocrx_word' id='word_1_41' title='bbox 529 1112 604 1183; x_wconf 86' lang='lat' dir='ltr'>ooeli,</span> <span class='ocrx_word' id='word_1_42' title='bbox 625 1113 766 1189; x_wconf 81' lang='lat' dir='ltr'>caecisque</span> <span class='ocrx_word' id='word_1_43' title='bbox 778 1113 904 1181; x_wconf 85' lang='lat' dir='ltr'>latebris,</span> 
     </span>
     <span class='ocr_line' id='line_1_8' title="bbox 219 1211 1008 1293; baseline -0.003 -22"><span class='ocrx_word' id='word_1_44' title='bbox 219 1214 319 1273; x_wconf 91' lang='lat' dir='ltr'>Turba</span> <span class='ocrx_word' id='word_1_45' title='bbox 331 1214 434 1273; x_wconf 85' lang='lat' dir='ltr'>sonans</span> <span class='ocrx_word' id='word_1_46' title='bbox 452 1216 579 1293; x_wconf 75' lang='lat' dir='ltr'>praedam</span> <span class='ocrx_word' id='word_1_47' title='bbox 592 1215 712 1293; x_wconf 86' lang='lat' dir='ltr'>pedibus</span> <span class='ocrx_word' id='word_1_48' title='bbox 725 1216 914 1275; x_wconf 84' lang='lat' dir='ltr'>circumvolat</span> <span class='ocrx_word' id='word_1_49' title='bbox 926 1211 1008 1273; x_wconf 89' lang='lat' dir='ltr'>uncis:</span> 
     </span>
     <span class='ocr_line' id='line_1_9' title="bbox 220 1316 978 1397; baseline 0.001 -22"><span class='ocrx_word' id='word_1_50' title='bbox 220 1316 328 1375; x_wconf 89' lang='lat' dir='ltr'>Polluit</span> <span class='ocrx_word' id='word_1_51' title='bbox 339 1337 388 1374; x_wconf 91' lang='lat' dir='ltr'>ore</span> <span class='ocrx_word' id='word_1_52' title='bbox 401 1319 497 1396; x_wconf 88' lang='lat' dir='ltr'>dapes.</span> <span class='ocrx_word' id='word_1_53' title='bbox 538 1321 628 1378; x_wconf 89' lang='lat' dir='ltr'>Sociis</span> <span class='ocrx_word' id='word_1_54' title='bbox 640 1331 720 1389; x_wconf 90' lang='lat' dir='ltr'>tunc,</span> <span class='ocrx_word' id='word_1_55' title='bbox 740 1339 820 1380; x_wconf 86' lang='lat' dir='ltr'>arma</span> <span class='ocrx_word' id='word_1_56' title='bbox 833 1319 978 1397; x_wconf 82' lang='lat' dir='ltr'>unpesslmt,</span> 
     </span>
     <span class='ocr_line' id='line_1_10' title="bbox 220 1419 934 1500; baseline 0.007 -23"><span class='ocrx_word' id='word_1_57' title='bbox 220 1419 320 1489; x_wconf 84' lang='lat' dir='ltr'>Edico,</span> <span class='ocrx_word' id='word_1_58' title='bbox 340 1429 369 1478; x_wconf 86' lang='lat' dir='ltr'>et</span> <span class='ocrx_word' id='word_1_59' title='bbox 383 1421 446 1479; x_wconf 81' lang='lat' dir='ltr'>dira</span> <span class='ocrx_word' id='word_1_60' title='bbox 458 1422 569 1481; x_wconf 85' lang='lat' dir='ltr'>bellum</span> <span class='ocrx_word' id='word_1_61' title='bbox 583 1443 651 1480; x_wconf 91' lang='lat' dir='ltr'>cum</span> <span class='ocrx_word' id='word_1_62' title='bbox 664 1432 751 1500; x_wconf 85' lang='lat' dir='ltr'>gente</span> <span class='ocrx_word' id='word_1_63' title='bbox 764 1423 934 1499; x_wconf 85' lang='lat' dir='ltr'>gerendum.</span> 
     </span>
     <span class='ocr_line' id='line_1_11' title="bbox 220 1523 1010 1603; baseline 0.003 -21"><span class='ocrx_word' id='word_1_64' title='bbox 220 1525 311 1582; x_wconf 88' lang='lat' dir='ltr'>Haud</span> <span class='ocrx_word' id='word_1_65' title='bbox 323 1523 402 1583; x_wconf 86' lang='lat' dir='ltr'>secus</span> <span class='ocrx_word' id='word_1_66' title='bbox 415 1544 448 1583; x_wconf 88' lang='lat' dir='ltr'>ac</span> <span class='ocrx_word' id='word_1_67' title='bbox 457 1523 524 1603; x_wconf 84' lang='lat' dir='ltr'>juffi</span> <span class='ocrx_word' id='word_1_68' title='bbox 539 1525 660 1595; x_wconf 86' lang='lat' dir='ltr'>faciunt,</span> <span class='ocrx_word' id='word_1_69' title='bbox 681 1526 828 1603; x_wconf 68' lang='lat' dir='ltr'>tediosque</span> <span class='ocrx_word' id='word_1_70' title='bbox 842 1544 895 1603; x_wconf 88' lang='lat' dir='ltr'>per</span> <span class='ocrx_word' id='word_1_71' title='bbox 907 1525 1010 1584; x_wconf 73' lang='lat' dir='ltr'>herbam</span> 
     </span>
     <span class='ocr_line' id='line_1_12' title="bbox 221 1627 910 1716; baseline 0.003 -31"><span class='ocrx_word' id='word_1_72' title='bbox 221 1627 388 1706; x_wconf 90' lang='lat' dir='ltr'>Disponunt</span> <span class='ocrx_word' id='word_1_73' title='bbox 400 1628 481 1699; x_wconf 87' lang='lat' dir='ltr'>ensrs,</span> <span class='ocrx_word' id='word_1_74' title='bbox 501 1639 532 1687; x_wconf 90' lang='lat' dir='ltr'>et</span> <span class='ocrx_word' id='word_1_75' title='bbox 545 1629 624 1687; x_wconf 91' lang='lat' dir='ltr'>scuta</span> <span class='ocrx_word' id='word_1_76' title='bbox 637 1628 758 1716; x_wconf 73' lang='lat' dir='ltr'>latentia</span> <span class='ocrx_word' id='word_1_77' title='bbox 771 1630 910 1688; x_wconf 87' lang='lat' dir='ltr'>condunt.</span> 
     </span>
     <span class='ocr_line' id='line_1_13' title="bbox 220 1731 954 1809; baseline 0 -18"><span class='ocrx_word' id='word_1_78' title='bbox 220 1732 307 1808; x_wconf 76' lang='lat' dir='ltr'>Ergo,</span> <span class='ocrx_word' id='word_1_79' title='bbox 329 1732 380 1790; x_wconf 92' lang='lat' dir='ltr'>ubi</span> <span class='ocrx_word' id='word_1_80' title='bbox 393 1731 515 1809; x_wconf 67' lang='lat' dir='ltr'>delapsae</span> <span class='ocrx_word' id='word_1_81' title='bbox 528 1732 655 1791; x_wconf 87' lang='lat' dir='ltr'>sonitum</span> <span class='ocrx_word' id='word_1_82' title='bbox 666 1751 717 1809; x_wconf 89' lang='lat' dir='ltr'>per</span> <span class='ocrx_word' id='word_1_83' title='bbox 729 1751 816 1790; x_wconf 87' lang='lat' dir='ltr'>curva</span> <span class='ocrx_word' id='word_1_84' title='bbox 829 1733 934 1791; x_wconf 85' lang='lat' dir='ltr'>dedere</span> <span class='ocrx_word' id='word_1_85' title='bbox 951 1738 954 1743; x_wconf 80' lang='grc'><strong>’</strong></span> 
     </span>
     <span class='ocr_line' id='line_1_14' title="bbox 221 1834 921 1912; baseline 0.003 -20"><span class='ocrx_word' id='word_1_86' title='bbox 221 1834 331 1904; x_wconf 83' lang='lat' dir='ltr'>Litora,</span> <span class='ocrx_word' id='word_1_87' title='bbox 341 1835 401 1892; x_wconf 86' lang='lat' dir='ltr'>dat</span> <span class='ocrx_word' id='word_1_88' title='bbox 415 1835 528 1912; x_wconf 77' lang='lat' dir='ltr'>signum</span> <span class='ocrx_word' id='word_1_89' title='bbox 541 1835 655 1912; x_wconf 76' lang='lat' dir='ltr'>speculd</span> <span class='ocrx_word' id='word_1_90' title='bbox 667 1834 799 1894; x_wconf 86' lang='lat' dir='ltr'>Misenus</span> <span class='ocrx_word' id='word_1_91' title='bbox 813 1838 849 1894; x_wconf 87' lang='lat' dir='ltr'>ab</span> <span class='ocrx_word' id='word_1_92' title='bbox 862 1837 921 1895; x_wconf 77' lang='lat' dir='ltr'>atu</span> 
     </span>
     <span class='ocr_line' id='line_1_15' title="bbox 221 1918 1010 2016; baseline 0 -20"><span class='ocrx_word' id='word_1_93' title='bbox 221 1918 296 1996; x_wconf 77' lang='lat' dir='ltr'>AEre</span> <span class='ocrx_word' id='word_1_94' title='bbox 309 1956 392 1997; x_wconf 89' lang='lat' dir='ltr'>cavo:</span> <span class='ocrx_word' id='word_1_95' title='bbox 415 1937 556 1996; x_wconf 88' lang='lat' dir='ltr'>invadunt</span> <span class='ocrx_word' id='word_1_96' title='bbox 570 1937 648 2008; x_wconf 84' lang='lat' dir='ltr'>socii,</span> <span class='ocrx_word' id='word_1_97' title='bbox 662 1948 691 1997; x_wconf 89' lang='lat' dir='ltr'>et</span> <span class='ocrx_word' id='word_1_98' title='bbox 702 1943 775 1997; x_wconf 80' lang='lat' dir='ltr'>nova</span> <span class='ocrx_word' id='word_1_99' title='bbox 788 1938 889 2016; x_wconf 89' lang='lat' dir='ltr'>proelia</span> <span class='ocrx_word' id='word_1_100' title='bbox 903 1944 1010 2005; x_wconf 78' lang='lat' dir='ltr'>tentant,</span> 
     </span>
     <span class='ocr_line' id='line_1_16' title="bbox 222 2042 839 2120; baseline 0 -19"><span class='ocrx_word' id='word_1_101' title='bbox 222 2042 368 2102; x_wconf 81' lang='lat' dir='ltr'>obscenas</span> <span class='ocrx_word' id='word_1_102' title='bbox 380 2042 477 2120; x_wconf 86' lang='lat' dir='ltr'>pelagi</span> <span class='ocrx_word' id='word_1_103' title='bbox 490 2042 567 2101; x_wconf 82' lang='lat' dir='ltr'>ferro</span> <span class='ocrx_word' id='word_1_104' title='bbox 579 2043 687 2101; x_wconf 84' lang='lat' dir='ltr'>soedare</span> <span class='ocrx_word' id='word_1_105' title='bbox 699 2042 839 2102; x_wconf 86' lang='lat' dir='ltr'>volucres.</span> 
     </span>
    </p>

    <p class='ocr_par' dir='ltr' id='par_1_3' title="bbox 221 2144 991 2531">
     <span class='ocr_line' id='line_1_17' title="bbox 223 2144 991 2223; baseline -0.003 -20"><span class='ocrx_word' id='word_1_106' title='bbox 223 2145 278 2203; x_wconf 87' lang='lat' dir='ltr'>Sed</span> <span class='ocrx_word' id='word_1_107' title='bbox 292 2163 386 2221; x_wconf 87' lang='lat' dir='ltr'>neque</span> <span class='ocrx_word' id='word_1_108' title='bbox 399 2145 459 2203; x_wconf 89' lang='lat' dir='ltr'>vim</span> <span class='ocrx_word' id='word_1_109' title='bbox 472 2144 579 2223; x_wconf 80' lang='lat' dir='ltr'>plumis</span> <span class='ocrx_word' id='word_1_110' title='bbox 592 2146 691 2214; x_wconf 88' lang='lat' dir='ltr'>ullam,</span> <span class='ocrx_word' id='word_1_111' title='bbox 711 2164 766 2206; x_wconf 83' lang='lat' dir='ltr'>noc</span> <span class='ocrx_word' id='word_1_112' title='bbox 778 2146 896 2205; x_wconf 86' lang='lat' dir='ltr'>volnera</span> <span class='ocrx_word' id='word_1_113' title='bbox 909 2157 991 2223; x_wconf 80' lang='lat' dir='ltr'>tergo,</span> 
     </span>
     <span class='ocr_line' id='line_1_18' title="bbox 221 2247 921 2326; baseline 0.003 -21"><span class='ocrx_word' id='word_1_114' title='bbox 221 2248 401 2325; x_wconf 83' lang='lat' dir='ltr'>Adcipiunt3</span> <span class='ocrx_word' id='word_1_115' title='bbox 423 2248 567 2324; x_wconf 82' lang='lat' dir='ltr'>celerique</span> <span class='ocrx_word' id='word_1_116' title='bbox 581 2247 652 2326; x_wconf 75' lang='lat' dir='ltr'>fugd</span> <span class='ocrx_word' id='word_1_117' title='bbox 665 2247 717 2306; x_wconf 91' lang='lat' dir='ltr'>sub</span> <span class='ocrx_word' id='word_1_118' title='bbox 726 2248 821 2306; x_wconf 81' lang='lat' dir='ltr'>&#39;sidera</span> <span class='ocrx_word' id='word_1_119' title='bbox 833 2250 921 2309; x_wconf 76' lang='lat' dir='ltr'>labsae</span> 
     </span>
     <span class='ocr_line' id='line_1_19' title="bbox 222 2350 987 2430; baseline 0.001 -23"><span class='ocrx_word' id='word_1_120' title='bbox 222 2350 367 2408; x_wconf 86' lang='lat' dir='ltr'>Semesam</span> <span class='ocrx_word' id='word_1_121' title='bbox 379 2350 515 2427; x_wconf 75' lang='lat' dir='ltr'>praedam,</span> <span class='ocrx_word' id='word_1_122' title='bbox 535 2360 566 2409; x_wconf 86' lang='lat' dir='ltr'>et</span> <span class='ocrx_word' id='word_1_123' title='bbox 579 2350 696 2427; x_wconf 84' lang='lat' dir='ltr'>vestigia</span> <span class='ocrx_word' id='word_1_124' title='bbox 708 2350 795 2421; x_wconf 83' lang='lat' dir='ltr'>soeda,</span> <span class='ocrx_word' id='word_1_125' title='bbox 816 2351 987 2430; x_wconf 90' lang='lat' dir='ltr'>relinquunt.</span> 
     </span>
     <span class='ocr_line' id='line_1_20' title="bbox 222 2437 848 2531; baseline 0.005 -22"><span class='ocrx_word' id='word_1_126' title='bbox 222 2453 335 2510; x_wconf 86' lang='lat' dir='ltr'>Una-in</span> <span class='ocrx_word' id='word_1_127' title='bbox 349 2453 481 2529; x_wconf 70' lang='lat' dir='ltr'>praeceltb</span> <span class='ocrx_word' id='word_1_128' title='bbox 494 2452 624 2512; x_wconf 85' lang='lat' dir='ltr'>consedit</span> <span class='ocrx_word' id='word_1_129' title='bbox 636 2472 707 2531; x_wconf 88' lang='lat' dir='ltr'>mpe</span> <span class='ocrx_word' id='word_1_130' title='bbox 715 2437 848 2523; x_wconf 73' lang='lat' dir='ltr'>Celaeno,</span> 
     </span>
    </p>

    <p class='ocr_par' dir='ltr' id='par_1_4' title="bbox 223 2554 964 2633">
     <span class='ocr_line' id='line_1_21' title="bbox 223 2554 964 2633; baseline 0.007 -21"><span class='ocrx_word' id='word_1_131' title='bbox 223 2554 330 2614; x_wconf 82' lang='lat' dir='ltr'>Infelix</span> <span class='ocrx_word' id='word_1_132' title='bbox 345 2568 436 2627; x_wconf 82' lang='lat' dir='ltr'>vates;</span> <span class='ocrx_word' id='word_1_133' title='bbox 458 2556 624 2633; x_wconf 84' lang='lat' dir='ltr'>rumpitque</span> <span class='ocrx_word' id='word_1_134' title='bbox 637 2555 712 2614; x_wconf 90' lang='lat' dir='ltr'>hanc</span> <span class='ocrx_word' id='word_1_135' title='bbox 725 2557 840 2633; x_wconf 68' lang='lat' dir='ltr'>pedore</span> <span class='ocrx_word' id='word_1_136' title='bbox 852 2577 964 2617; x_wconf 78' lang='lat' dir='ltr'>vooem:</span> 
     </span>
    </p>
   </div>
   <div class='ocr_carea' id='block_1_3' title="bbox 221 2658 1016 3149">
    <p class='ocr_par' dir='ltr' id='par_1_5' title="bbox 221 2658 1016 3149">
     <span class='ocr_line' id='line_1_22' title="bbox 261 2658 1015 2740; baseline 0.007 -24"><span class='ocrx_word' id='word_1_137' title='bbox 261 2659 374 2716; x_wconf 88' lang='lat' dir='ltr'>Bellum</span> <span class='ocrx_word' id='word_1_138' title='bbox 383 2659 472 2717; x_wconf 85' lang='lat' dir='ltr'>etiam</span> <span class='ocrx_word' id='word_1_139' title='bbox 480 2659 726 2735; x_wconf 83' lang='lat' dir='ltr'>procaedeboum,</span> <span class='ocrx_word' id='word_1_140' title='bbox 736 2659 887 2738; x_wconf 80' lang='lat' dir='ltr'>stratisque</span> <span class='ocrx_word' id='word_1_141' title='bbox 890 2658 1015 2740; x_wconf 64' lang='lat' dir='ltr'>juvencis,</span> 
     </span>
     <span class='ocr_line' id='line_1_23' title="bbox 222 2761 905 2841; baseline 0.006 -22"><span class='ocrx_word' id='word_1_142' title='bbox 222 2762 485 2831; x_wconf 77' lang='lat' dir='ltr'>Laomedontiadas,</span> <span class='ocrx_word' id='word_1_143' title='bbox 505 2761 654 2820; x_wconf 85' lang='lat' dir='ltr'>bellumne</span> <span class='ocrx_word' id='word_1_144' title='bbox 667 2761 775 2822; x_wconf 80' lang='lat' dir='ltr'>inferre</span> <span class='ocrx_word' id='word_1_145' title='bbox 786 2763 905 2841; x_wconf 81' lang='lat' dir='ltr'>parutis,</span> 
     </span>
     <span class='ocr_line' id='line_1_24' title="bbox 221 2864 899 2943; baseline 0.004 -20"><span class='ocrx_word' id='word_1_146' title='bbox 221 2866 261 2924; x_wconf 81' lang='lat' dir='ltr'>Et</span> <span class='ocrx_word' id='word_1_147' title='bbox 272 2866 367 2941; x_wconf 86' lang='lat' dir='ltr'>patrio</span> <span class='ocrx_word' id='word_1_148' title='bbox 380 2865 523 2941; x_wconf 83' lang='lat' dir='ltr'>Harpyias</span> <span class='ocrx_word' id='word_1_149' title='bbox 536 2864 657 2923; x_wconf 88' lang='lat' dir='ltr'>insontis</span> <span class='ocrx_word' id='word_1_150' title='bbox 670 2865 778 2942; x_wconf 84' lang='lat' dir='ltr'>pellere</span> <span class='ocrx_word' id='word_1_151' title='bbox 790 2869 899 2943; x_wconf 80' lang='lat' dir='ltr'>regno?</span> 
     </span>
     <span class='ocr_line' id='line_1_25' title="bbox 222 2967 1014 3050; baseline -0.001 -25"><span class='ocrx_word' id='word_1_152' title='bbox 222 2967 361 3045; x_wconf 88' lang='lat' dir='ltr'>Adcipite</span> <span class='ocrx_word' id='word_1_153' title='bbox 373 2986 442 3045; x_wconf 86' lang='lat' dir='ltr'>ergo</span> <span class='ocrx_word' id='word_1_154' title='bbox 455 2967 568 3038; x_wconf 83' lang='lat' dir='ltr'>animis,</span> <span class='ocrx_word' id='word_1_155' title='bbox 589 2978 676 3044; x_wconf 86' lang='lat' dir='ltr'>atque</span> <span class='ocrx_word' id='word_1_156' title='bbox 688 2968 751 3026; x_wconf 83' lang='lat' dir='ltr'>haec</span> <span class='ocrx_word' id='word_1_157' title='bbox 763 2987 828 3028; x_wconf 69' lang='lat' dir='ltr'>mee</span> <span class='ocrx_word' id='word_1_158' title='bbox 842 2969 927 3050; x_wconf 78' lang='lat' dir='ltr'>figite</span> <span class='ocrx_word' id='word_1_159' title='bbox 938 2968 1014 3031; x_wconf 74' lang='lat' dir='ltr'>dtur:</span> 
     </span>
     <span class='ocr_line' id='line_1_26' title="bbox 223 3070 1016 3149; baseline 0.011 -22"><span class='ocrx_word' id='word_1_160' title='bbox 223 3070 300 3128; x_wconf 77' lang='lat' dir='ltr'>Quae</span> <span class='ocrx_word' id='word_1_161' title='bbox 331 3071 439 3129; x_wconf 88' lang='lat' dir='ltr'>Phoebo</span> <span class='ocrx_word' id='word_1_162' title='bbox 471 3080 553 3148; x_wconf 87' lang='lat' dir='ltr'>pater</span> <span class='ocrx_word' id='word_1_163' title='bbox 583 3070 775 3149; x_wconf 85' lang='lat' dir='ltr'>omnipotens,</span> <span class='ocrx_word' id='word_1_164' title='bbox 807 3072 884 3133; x_wconf 89' lang='lat' dir='ltr'>mibi</span> <span class='ocrx_word' id='word_1_165' title='bbox 907 3074 1016 3136; x_wconf 75' lang='lat' dir='ltr'>Phoebu</span> 
     </span>
    </p>
   </div>
   <div class='ocr_carea' id='block_1_4' title="bbox 161 3173 959 3464">
    <p class='ocr_par' dir='ltr' id='par_1_6' title="bbox 161 3173 959 3464">
     <span class='ocr_line' id='line_1_27' title="bbox 223 3173 416 3244; baseline 0.01 -14"><span class='ocrx_word' id='word_1_166' title='bbox 223 3223 227 3230; x_wconf 91' lang='lat'><em>.</em></span> <span class='ocrx_word' id='word_1_167' title='bbox 300 3175 328 3231; x_wconf 77' lang='lat' dir='ltr'>A</span> <span class='ocrx_word' id='word_1_168' title='bbox 350 3173 416 3244; x_wconf 92' lang='lat' dir='ltr'>ollo,</span> 
     </span>
     <span class='ocr_line' id='line_1_28' title="bbox 161 3193 959 3362; baseline 0.001 -25"><span class='ocrx_word' id='word_1_169' title='bbox 161 3294 167 3303; x_wconf 87' lang='lat'><strong>·</strong></span> <span class='ocrx_word' id='word_1_170' title='bbox 219 3193 367 3348; x_wconf 74' lang='lat' dir='ltr'>Praedisit,</span> <span class='ocrx_word' id='word_1_171' title='bbox 387 3275 467 3335; x_wconf 83' lang='lat' dir='ltr'>vobis</span> <span class='ocrx_word' id='word_1_172' title='bbox 480 3276 630 3335; x_wconf 87' lang='lat' dir='ltr'>Furiarum</span> <span class='ocrx_word' id='word_1_173' title='bbox 645 3297 700 3357; x_wconf 86' lang='lat' dir='ltr'>ego</span> <span class='ocrx_word' id='word_1_174' title='bbox 713 3279 841 3341; x_wconf 84' lang='lat' dir='ltr'>maxima</span> <span class='ocrx_word' id='word_1_175' title='bbox 854 3283 959 3362; x_wconf 76' lang='lat' dir='ltr'>pando.</span> 
     </span>
     <span class='ocr_line' id='line_1_29' title="bbox 213 3380 865 3464; baseline -0.006 -18"><span class='ocrx_word' id='word_1_176' title='bbox 213 3383 343 3463; x_wconf 81' lang='lat' dir='ltr'>ltaliam</span> <span class='ocrx_word' id='word_1_177' title='bbox 355 3382 447 3445; x_wconf 81' lang='lat' dir='ltr'>cursu</span> <span class='ocrx_word' id='word_1_178' title='bbox 457 3380 575 3464; x_wconf 66' lang='lat' dir='ltr'>petius,</span> <span class='ocrx_word' id='word_1_179' title='bbox 592 3381 865 3454; x_wconf 53' lang='lat' dir='ltr'>uenustissimus</span> 
     </span>
    </p>
   </div>
   <div class='ocr_carea' id='block_1_5' title="bbox 0 0 1139 4050">
    <p class='ocr_par' dir='ltr' id='par_1_7' title="bbox 0 0 1139 4050">
     <span class='ocr_line' id='line_1_30' title="bbox 0 0 1139 4050; baseline 0 0"><span class='ocrx_word' id='word_1_180' title='bbox 0 0 1139 4050; x_wconf 95' lang='lat' dir='ltr'> </span> 
     </span>
    </p>
   </div>
  </div>
 </body>
</html>
