2250 4050
133 376 174 428 24
356 368 662 439 BUCOLICA,
849 369 938 441 v.76.

134 524 266 582 Candida
279 523 453 584 succinctam
465 526 637 584 latrantibus
649 525 772 602 inguina
784 523 927 592 monstris,

135 628 286 686 Dulichias
298 627 409 686 vexasse
422 640 504 696 rates,
525 638 555 686 et
569 628 686 705 gurgite
698 628 729 684 in
742 628 804 685 alto

134 733 199 791 Ahl
223 732 339 790 timidos
350 743 451 791 nautas
465 734 584 792 canibus
597 732 729 790 lacerasse
741 732 880 803 marinis,
937 777 940 780 .
1041 796 1047 804 Ι

135 837 207 908 Aut,
227 844 261 893 ut
273 845 399 894 mutatos
412 836 499 894 Terei
512 836 669 893 narraverit
682 844 773 892 artus:

137 919 218 1007 Quis
231 938 275 996 illi
290 939 447 996 Philomela
459 939 555 1014 dapes,
577 957 641 1013 quae
654 939 729 994 dona
741 937 862 1013 pararit,

136 1042 206 1099 Ouo
219 1041 302 1098 cursu
314 1041 423 1099 deserta
436 1040 579 1118 petiverit,
600 1049 630 1097 et
642 1040 747 1116 quibus
760 1051 830 1097 ante

135 1142 243 1201 Infelix
257 1143 305 1201 sua
319 1144 393 1202 tecta
406 1142 656 1219 supervolitaverit
668 1142 740 1199 alis?
1036 1211 1047 1224 h

135 1246 253 1314 Omnia,
272 1265 346 1321 quae,
367 1245 475 1302 Plroebo
488 1247 634 1320 quondam
647 1245 819 1317 meditante,
841 1249 942 1307 beatus
1036 1272 1047 1328 g

135 1347 241 1406 Audiit
255 1350 384 1416 Eurotas,
400 1347 538 1425 jussitque
551 1347 677 1406 ediscere
688 1348 793 1418 lauros,
866 1391 868 1394 ψ

136 1451 191 1509 Ille
204 1451 293 1509 canit:
315 1451 404 1527 pulsae
417 1451 546 1518 referunt
559 1452 596 1508 ad
610 1451 698 1508 s1dera
711 1452 814 1510 vallesz

137 1556 248 1631 Cogere
261 1556 352 1612 donec
365 1573 430 1610 oves
444 1553 568 1622 stabulis,
582 1573 793 1630 numerumque
806 1558 917 1616 referre
1037 1580 1047 1593 ·

136 1657 229 1735 Juslit,
242 1667 271 1714 et
285 1656 377 1714 invito
389 1655 521 1732 proceffit
533 1654 642 1733 Vesper
651 1657 789 1734 Olympo.

366 2023 593 2084 ECLOGA
632 2027 701 2085 Vll.

398 2225 661 2278 MELIBOEUS.

209 2428 211 2433 ·
280 2420 458 2461 MELIBOEUS.
481 2423 638 2464 CORYDON.
660 2425 798 2465 THYRSIS.

444 2597 623 2640 sineremus.

138 2676 241 2733 Fonrn
255 2677 307 2735 sub
320 2681 421 2757 arguti
434 2682 600 2741 consederat
612 2684 680 2741 ilice
692 2684 835 2761 Daphnis,

137 2778 392 2859 conpulerantque
424 2804 525 2862 greges
550 2787 686 2863 Corydon
709 2796 739 2843 et
764 2787 881 2863 Thyrfis
907 2787 940 2845 in
1044 2762 1047 2770 Ι

214 2903 320 2956 unum;
367 2942 369 2946 .
424 2931 432 2946 .

135 2984 252 3060 Thyrfis
265 3007 340 3056 oves,
360 2988 495 3065 Corydon
509 2990 644 3048 distentas
656 2992 729 3049 laste
741 2992 878 3069 capellas:

136 3087 235 3144 Ambo
247 3090 381 3147 florentes
394 3092 536 3163 aetatibus,
557 3094 684 3151 Arcades
697 3096 792 3163 amb0,

134 3190 174 3251 Et
188 3199 302 3249 cantare
311 3178 403 3268 paics,
423 3205 451 3251 et
464 3195 634 3272 respondere
646 3199 747 3275 parati.

136 3292 195 3350 Hic
207 3292 288 3366 mihi,
311 3295 381 3352 dum
396 3305 505 3356 teneras
520 3298 644 3357 defendo
656 3319 673 3357 a
687 3300 794 3378 frigore
806 3311 926 3380 myrtos,
