2250 4050
171 469 227 526 124
401 465 732 538 Guouulcou,
859 470 947 537 uim

169 621 369 698 Invalidasque
381 621 436 680 tibi
449 620 579 694 tendens',
599 624 671 682 heul
691 642 751 681 non
765 631 826 693 tua,
843 622 944 700 palme

169 724 264 795 Dixit,
284 735 313 783 et
326 744 364 783 ex
376 725 468 784 oculis
480 726 583 795 subito,
603 744 657 784 ceu
669 726 767 784 sumus
780 726 813 783 in
825 743 901 783 auran

169 828 343 887 Conmixtuc
356 828 459 898 tenuis,
478 828 556 906 sugit
569 827 693 902 diversa;
716 846 812 905 neque
824 826 910 894 illum,
942 817 944 821 ¹

170 931 353 991 Prensantem
371 931 566 1006 nequidquam
579 933 703 1000 umbras,
724 941 755 989 et
767 931 858 989 multa
869 927 945 988 voleu-

248 1041 309 1091 tem

171 1136 284 1205 Dicere,
304 1145 439 1212 praeteree
450 1137 537 1208 vidit3
559 1155 614 1194 nec
626 1135 749 1213 portitor
762 1136 834 1194 Orci

171 1239 307 1315 Amplius
320 1237 460 1315 objectam
472 1237 564 1316 pasius
578 1238 694 1295 transire
704 1239 848 1315 paludem.

173 1340 255 1398 uuio
268 1341 389 1398 faceret?
411 1361 468 1417 quo
484 1340 521 1410 se,
542 1341 623 1417 rapti
635 1341 680 1398 bis
692 1320 826 1418 conjuge,
844 1336 929 1398 ferret?

173 1443 243 1501 Quo
254 1443 326 1500 fletu
338 1442 444 1512 Manis,
464 1443 522 1519 qui
533 1442 664 1500 Numina
677 1461 757 1514 voce,
770 1445 906 1501 moveret?

171 1545 226 1604 Illa
238 1544 356 1620 quidem
369 1545 468 1622 stygia
482 1547 569 1603 nabat
577 1544 638 1621 jam
651 1545 758 1622 frigida
771 1545 884 1623 cymblr

172 1648 287 1726 Septem
299 1647 382 1705 illurn
397 1657 470 1706 totos
482 1647 635 1725 perhibent
647 1667 684 1706 ex
694 1648 796 1706 ordine
809 1646 910 1714 menfis,

173 1751 256 1828 Rupe
267 1750 319 1807 sub
332 1750 416 1819 adrii,
438 1749 540 1808 deserti
553 1751 590 1808 ad
603 1750 762 1826 Strymonis
775 1753 888 1818 undam,

173 1852 300 1921 Fleviffe,
320 1861 349 1910 et
361 1853 463 1931 gelidis
475 1853 537 1911 haec
549 1841 682 1911 evolvisse
694 1853 747 1911 sub
759 1854 848 1923 nstris,

173 1956 354 2015 Mulccntem
368 1955 459 2034 tigris,
478 1965 509 2014 et
521 1965 655 2034 agentem
669 1955 798 2014 carmine
810 1971 924 2034 quercus·

175 2059 278 2118 Qualis
289 2060 411 2136 populel
423 2078 543 2117 moerens
556 2058 712 2118 Philomela
724 2059 778 2118 sub
790 2060 888 2119 umbri

173 2162 296 2221 Amissos
309 2164 437 2238 queritur
450 2164 538 2233 fetus;
559 2182 630 2239 quos
643 2164 730 2220 durus
743 2173 839 2222 arator

173 2264 332 2324 Observans
345 2266 413 2323 nido
425 2265 562 2343 inplumis
574 2265 712 2323 detraxit:
734 2273 766 2323 at
777 2266 829 2324 illa

173 2368 236 2427 Flet
249 2369 370 2439 noctem,
391 2387 526 2444 ramoque
539 2368 639 2425 sedens
650 2366 813 2425 miserabile
825 2380 925 2427 carmen

172 2472 311 2547 Integrat,
331 2480 360 2529 et
375 2471 476 2528 maestis
488 2471 546 2528 late
557 2471 620 2528 loca
634 2470 778 2547 questibus
790 2471 888 2548 inplet.

173 2572 263 2630 Nulla
275 2573 382 2643 Venus,
397 2592 455 2632 non
469 2572 522 2630 ulli
535 2572 666 2630 animum
677 2574 783 2631 flexere
797 2563 943 2651 Hymen&

173 2676 254 2733 Solus
266 2676 462 2751 Hyperboreas
476 2675 589 2751 glacies,
602 2675 783 2752 Tanaimque
796 2676 918 2742 nivalem,

173 2779 307 2853 Arvaque
321 2777 447 2854 Rhipaeis
460 2796 619 2853 numquam
631 2778 748 2837 viduata
758 2778 878 2855 pruinis,

174 2880 331 2950 Lustrabat,
351 2890 461 2957 raptam
474 2880 636 2955 Eurydicen
648 2889 737 2955 atque
753 2880 841 2940 inrita
853 2876 920 2940 Ditis

174 2983 259 3042 Dona
276 3002 412 3059 querens:
436 2982 537 3060 spretae
548 2982 691 3040 Ciconum
704 3001 763 3058 quo
778 2999 893 3042 munere
900 2988 944 3039 u*

252 3094 316 3153 tres,

174 3188 253 3243 Inter
264 3185 341 3244 sacra
354 3187 450 3254 desim,
471 3185 658 3262 notiumique
671 3187 752 3263 orgia
764 3188 877 3259 Bacchi,

174 3286 360 3365 Discerptum
372 3288 444 3347 laton
452 3287 590 3366 juvenem
602 3288 724 3365 sparsere
737 3310 789 3368 per
800 3310 887 3370 agros.

174 3390 253 3458 'lum
265 3409 387 3467 quoque,
407 3392 564 3452 marmorei
577 3400 666 3474 caput
678 3410 694 3451 a
707 3393 818 3454 cervice
830 3386 943 3460 molsffl
