2250 4050
168 448 228 506 aab
429 440 709 513 AENEIDOS,
866 446 938 501 md

170 598 280 666 stricta,
300 605 399 674 parata
411 595 493 656 neci:
503 619 506 628 ¹
516 597 569 657 vix
581 597 669 674 primi
681 594 785 675 proeiia
797 602 913 656 tentant

169 704 319 761 Portarum
332 700 443 778 vigiles,
464 711 494 759 et
506 720 584 759 caeco
595 701 693 759 Marte
705 701 847 759 rcfistunt.

169 804 291 865 Talibus
303 803 461 881 Othryadae
473 803 564 872 dietis,
584 812 614 862 et
626 803 748 862 numine
760 804 870 870 divom,

171 909 207 966 In
220 909 351 968 flammas
363 917 393 965 et
405 907 437 964 in
450 925 528 966 arma
540 907 625 977 feror,
646 926 704 983 quo
719 905 807 964 tristis
817 904 938 978 Erinnys,

172 1013 241 1070 Quo
253 1010 385 1068 fremitus
399 1020 491 1079 vocat,
503 1018 534 1068 ct
546 1009 672 1068 sublatus
685 1009 722 1067 ad
735 1009 844 1067 aethera
853 1007 938 1066 clamo!

171 1115 295 1172 Addunt
307 1113 336 1172 se
349 1112 437 1172 socios
450 1112 585 1189 Rhipeus,
607 1121 636 1171 et
649 1130 804 1171 maxumus
817 1109 897 1170 armis

171 1218 295 1294 Epytus:
318 1217 407 1275 oblati
419 1234 471 1294 per
482 1215 583 1274 lunam
593 1215 784 1293 Hypanisque
797 1215 938 1291 Dymasqut

172 1321 209 1378 Et
219 1319 303 1378 lateri
316 1320 515 1396 adglomerant
524 1320 617 1377 nostro
623 1343 632 1391 ς
650 1317 823 1395 juvenisque
833 1315 938 1376 comba

172 1424 209 1483 M
208 1423 381 1499 ygdouides:
403 1423 461 1481 illis
473 1423 510 1481 ad
522 1420 640 1499 Trojam
652 1422 727 1480 forte
739 1421 841 1480 diebus

172 1526 309 1598 Venerat,
329 1525 428 1584 insano
441 1526 604 1585 Catiandrae
612 1523 746 1582 iuoeusus'
759 1541 868 1594 amore3

172 1631 211 1688 Et
224 1644 313 1708 gener
324 1629 465 1688 auxilium
478 1628 599 1697 Priamo,
612 1626 839 1704 Phrygibusque,
850 1624 937 1684 faeiat

171 1733 294 1791 Infelix!
316 1732 368 1810 qui
381 1751 439 1790 nou
452 1730 562 1810 sponsis
572 1739 715 1808 praecepta
727 1729 849 1790 furentis

172 1836 318 1895 Audierit.

174 1939 258 1998 Quos
270 1938 323 1997 ubi
336 1938 479 1996 confertos
490 1939 595 1998 audere
605 1937 638 1995 iu
650 1937 753 2014 proelis
764 1936 842 2008 vidi;

173 2043 287 2121 Incipio
300 2043 383 2119 super
394 2042 456 2100 bist>
475 2043 609 2121 Juveues‚
628 2041 780 2101 sortiffims
789 2041 890 2099 frutin-

174 2147 298 2215 Pettora,
319 2146 340 2205 fi
354 2146 434 2204 vobis
447 2146 601 2204 audentem
614 2153 744 2204 extrema
756 2144 863 2222 cupido

174 2251 260 2308 Certa
273 2250 369 2325 sequi;
390 2251 470 2326 (quae
483 2249 518 2306 fit
530 2251 614 2307 rebus
626 2238 742 2306 fortuna
754 2245 868 2305 videtis:

174 2352 322 2411 Exceffere
334 2365 443 2421 omues
463 2351 555 2429 adytis
567 2351 679 2427 arisque
691 2349 808 2422 reliflis,

173 2455 223 2524 Di,
236 2456 340 2532 quibus
349 2454 505 2531 imperium
518 2454 574 2512 hoc
586 2454 714 2512 steterat:
735 2450 892 2511 succurritis
899 2443 937 2507 urb

173 2558 314 2633 Incensa)
325 2558 494 2627 moriamur,
513 2567 544 2615 et
556 2558 588 2615 in
601 2556 696 2616 media
708 2575 788 2615 arma
799 2571 919 2615 ruamus:

174 2662 242 2719 Una
255 2660 329 2720 salus
341 2660 431 2732 vittis,
452 2660 562 2719 nullam
575 2660 684 2738 sperare
697 2658 830 2719 salutem.

174 2764 221 2823 Sic
233 2763 340 2833 animis
346 2762 487 2841 juvenum
499 2764 581 2822 furor
592 2762 716 2823 additus.
746 2764 829 2835 Inde,
847 2758 938 2838 lupius

175 2868 311 2946 Raptores
324 2867 385 2925 atta
397 2867 427 2924 in
442 2867 556 2937 ncbuIA,
575 2885 646 2943 quoa
657 2866 780 2943 inproba
789 2864 893 2927 ventris

174 2971 281 3048 Exegit
293 2977 382 3030 caecos
393 2970 496 3042 rabies,
515 2970 662 3047 catulique
675 2969 769 3029 relicti

174 3073 315 3134 Faucibus
327 3073 493 3151 exspcditsnt
505 3074 598 3146 siccis3
612 3092 672 3159 ¹pur
684 3074 751 3145 tela,
771 3091 824 3151 per
835 3068 919 3135 bostis

173 3178 315 3236 Vadimus
331 3178 410 3237 haud
421 3178 540 3237 dubiam
551 3178 585 3237 iu
597 3186 737 3243 mortem:
758 3174 938 3252 modusquet

251 3299 352 3339 nemus

174 3381 261 3444 Urbis
274 3382 342 3443 iter:
364 3383 435 3444 Nos
447 3392 509 3445 atta
520 3385 590 3445 card
602 3384 792 3445 circumvolat
802 3378 905 3442 umbra
