2250 4050
224 463 284 526 106
459 466 789 537 GEORGICON,
937 471 1015 526 ult.

223 621 381 701 Pinguibus
391 642 407 683 a
417 622 541 696 stabulis,
549 644 743 703 meropesque,
755 622 880 700 aliaeque
889 622 1012 690 volucres,

223 726 261 784 Et
274 725 407 785 manibus
420 729 527 786 Procne
538 729 636 805 peetus
649 728 759 806 fignata
772 726 910 785 cruentis.

223 829 332 888 Omnia
345 845 412 889 nam
425 831 482 889 late
495 829 612 900 valiant,
632 809 910 908 ipsasque'volantis‘

223 932 284 992 Ore
296 932 395 990 ferunt
407 933 522 992 dulcem
535 933 611 992 nidis
623 933 776 992 inmitibus
788 933 893 991 escam.

224 1037 266 1096 At
279 1036 383 1114 liquidi
396 1038 490 1096 fontes
503 1048 532 1097 et
544 1039 641 1115 stagna
654 1037 780 1096 virentia
785 1018 891 1095 ,musco

223 1141 338 1211 Adfint,
358 1149 388 1198 et
402 1141 504 1209 tenuis,
524 1141 639 1218 fugiens
652 1159 703 1218 per
715 1140 857 1218 grmnina,
876 1138 959 1205 rivum

225 1244 378 1319 Palmaque
391 1244 573 1315 vestibulum,
594 1253 645 1302 aut
661 1243 764 1321 ingens
783 1243 909 1314 oleaster,
928 1241 1004 1298 inum·

303 1348 382 1405 bret:

224 1448 278 1521 Ut,
298 1470 389 1527 quum
403 1448 496 1526 prima
509 1449 576 1508 novi
590 1450 698 1508 ducent
709 1447 845 1507 examina
857 1466 935 1525 reges

225 1553 301 1611 Vere
314 1553 375 1622 suo,
394 1554 532 1630 ludetque
546 1552 619 1611 favis
631 1551 728 1611 emilia
737 1550 884 1629 juventus,

225 1656 331 1716 Vicina
344 1655 448 1714 invitet
460 1657 597 1715 decedere
609 1656 671 1732 ripa
683 1654 786 1726 calori3

226 1759 378 1837 Obviaque
392 1757 522 1838 hospitiis
536 1768 633 1817 teneat
645 1758 847 1817 frondentibus
860 1758 945 1815 arbos.

266 1865 301 1922 In
309 1864 446 1932 medium,
458 1863 506 1922 seu
517 1862 600 1923 stabit
611 1862 695 1932 iners,
707 1863 755 1921 seu
767 1864 901 1941 profluet,
913 1862 1003 1919 humor,

225 1967 409 2027 Transversas
422 1967 519 2025 salices
531 1977 561 2027 et
575 1968 695 2045 grandia
708 1965 818 2045 conjice
831 1966 910 2039 saxa5

227 2071 365 2130 Pontibus
378 2082 411 2129 ut
423 2071 528 2129 crebris
540 2071 644 2149 poflint
655 2070 813 2140 consrstere,
833 2082 864 2130 et
876 2070 932 2129 alas

227 2172 354 2233 Pandere
365 2174 401 2231 ad
415 2174 544 2233 aellivum
556 2156 655 2244 solem,
675 2174 695 2232 fi
710 2174 784 2232 forte
797 2171 942 2240 morantis¹

227 2275 375 2356 Sparserit,
396 2256 584 2355 autpraeceps
598 2278 738 2354 Neptuno
750 2274 914 2335 inmerserit
926 2263 1004 2333 Eurus

227 2382 300 2440 Haec
314 2380 424 2440 circum
437 2380 516 2442 casrae
530 2380 644 2452 virides,
664 2390 694 2439 et
706 2380 814 2446 olentia
827 2380 887 2439 late

228 2486 364 2563 Serpylla,
385 2494 415 2543 et
428 2484 553 2561 graviter
567 2484 699 2563 spirantis
712 2485 794 2563 copia
808 2486 946 2564 thymbrae

227 2588 350 2657 Floreat,
370 2587 575 2665 inriguumque
590 2589 692 2647 bibant
703 2587 822 2647 violaria
837 2589 954 2647 fontem.

267 2688 330 2770 Ipsa
344 2702 450 2761 autem,
470 2691 519 2749 seu
531 2691 684 2750 corticibus
699 2690 751 2749 tibi
767 2691 830 2750 suta
844 2689 955 2759 cavatis,

228 2798 287 2859 Seu
298 2796 377 2853 lento
390 2794 499 2854 fuerint
512 2794 636 2854 alvearia
650 2794 758 2853 vimine
773 2801 862 2864 texta,

227 2897 375 2975 Angustos
388 2898 513 2956 habeant
526 2897 620 2956 aditus
624 2922 633 2970 3
657 2916 724 2955 nam
739 2896 848 2974 frigore
858 2896 945 2956 mella

227 2990 318 3079 'cogit
330 2994 434 3070 hiems,
446 3002 605 3077 eademque
618 3000 696 3058 calor
708 2999 865 3076 liquefacta
878 2983 1004 3057 remittit!

228 3105 361 3181 Utraque
374 3104 416 3162 vis
428 3104 529 3181 apibus
542 3102 650 3181 pariter
661 3103 833 3174 metuenda3
856 3109 947 3179 neque
956 3091 1001 3155 illv

228 3207 436 3284 Nequidquam
449 3207 480 3265 in
496 3207 580 3267 tectis·
591 3203 725 3265 certatim
738 3204 838 3263 tenuia
851 3207 917 3263 cera

228 3309 406 3387 Spitamenta
421 3309 529 3381 linunt,
549 3309 675 3386 fucoque
688 3318 718 3366 et
730 3308 851 3367 fioribus
864 3328 926 3367 oms
940 3314 944 3319 '

227 3414 364 3493 Explicat,
375 3414 596 3491 conlettumque
607 3413 670 3471 haec
682 3410 742 3491 ipsa
752 3413 789 3471 ad
800 3391 921 3472 munera
931 3401 1010 3488 glum
