<?xml version="1.0" encoding="UTF-8"?>
<!DOCTYPE html PUBLIC "-//W3C//DTD XHTML 1.0 Transitional//EN"
    "http://www.w3.org/TR/xhtml1/DTD/xhtml1-transitional.dtd">
<html xmlns="http://www.w3.org/1999/xhtml" xml:lang="en" lang="en">
 <head>
  <title>
</title>
<meta http-equiv="Content-Type" content="text/html;charset=utf-8" />
  <meta name='ocr-system' content='tesseract 3.04.00' />
  <meta name='ocr-capabilities' content='ocr_page ocr_carea ocr_par ocr_line ocrx_word'/>
</head>
<body>
  <div class='ocr_page' id='page_1' title='image "./pvirgiliimaroni03marogoog/pvirgiliimaroni03marogoog_0245.png"; bbox 0 0 2250 4050; ppageno 0'>
   <div class='ocr_carea' id='block_1_1' title="bbox 148 428 954 508">
    <p class='ocr_par' dir='ltr' id='par_1_1' title="bbox 148 428 954 508">
     <span class='ocr_line' id='line_1_1' title="bbox 148 428 954 508; baseline 0.001 -14"><span class='ocrx_word' id='word_1_1' title='bbox 148 428 261 508; x_wconf 59' lang='lat' dir='ltr'>vitm.</span> <span class='ocrx_word' id='word_1_2' title='bbox 460 437 560 497; x_wconf 84' lang='lat' dir='ltr'><strong>LIB.</strong></span> <span class='ocrx_word' id='word_1_3' title='bbox 599 436 653 497; x_wconf 86' lang='lat'>11.·</span> <span class='ocrx_word' id='word_1_4' title='bbox 895 434 954 506; x_wconf 60' lang='grc' dir='ltr'>ΜΒ</span> 
     </span>
    </p>
   </div>
   <div class='ocr_carea' id='block_1_2' title="bbox 146 589 954 3021">
    <p class='ocr_par' dir='ltr' id='par_1_2' title="bbox 150 589 952 754">
     <span class='ocr_line' id='line_1_2' title="bbox 150 589 952 669; baseline -0.002 -18"><span class='ocrx_word' id='word_1_5' title='bbox 150 593 264 662; x_wconf 76' lang='lat' dir='ltr'>Ouum,</span> <span class='ocrx_word' id='word_1_6' title='bbox 286 593 365 652; x_wconf 82' lang='lat' dir='ltr'>fer&#39;m</span> <span class='ocrx_word' id='word_1_7' title='bbox 383 593 508 652; x_wconf 81' lang='lat' dir='ltr'>adnisam</span> <span class='ocrx_word' id='word_1_8' title='bbox 522 591 685 669; x_wconf 78' lang='lat' dir='ltr'>crebrisque</span> <span class='ocrx_word' id='word_1_9' title='bbox 702 589 884 668; x_wconf 81' lang='lat' dir='ltr'>bipennibus,</span> <span class='ocrx_word' id='word_1_10' title='bbox 906 589 952 649; x_wconf 88' lang='lat' dir='ltr'>in-</span> 
     </span>
     <span class='ocr_line' id='line_1_3' title="bbox 226 696 303 754; baseline -0.013 0"><span class='ocrx_word' id='word_1_11' title='bbox 226 696 303 754; x_wconf 84' lang='lat' dir='ltr'>stant</span> 
     </span>
    </p>

    <p class='ocr_par' dir='ltr' id='par_1_3' title="bbox 147 797 878 875">
     <span class='ocr_line' id='line_1_4' title="bbox 147 797 878 875; baseline -0.001 -20"><span class='ocrx_word' id='word_1_12' title='bbox 147 799 258 856; x_wconf 85' lang='lat' dir='ltr'>Emere</span> <span class='ocrx_word' id='word_1_13' title='bbox 271 799 405 875; x_wconf 82' lang='lat' dir='ltr'>agricolae</span> <span class='ocrx_word' id='word_1_14' title='bbox 417 799 558 869; x_wconf 78' lang='lat' dir='ltr'>certatim,</span> <span class='ocrx_word' id='word_1_15' title='bbox 578 797 628 856; x_wconf 89' lang='lat' dir='ltr'>illa</span> <span class='ocrx_word' id='word_1_16' title='bbox 641 816 731 873; x_wconf 91' lang='lat' dir='ltr'>usque</span> <span class='ocrx_word' id='word_1_17' title='bbox 743 797 878 865; x_wconf 89' lang='lat' dir='ltr'>minatur,</span> 
     </span>
    </p>

    <p class='ocr_par' dir='ltr' id='par_1_4' title="bbox 147 899 888 971">
     <span class='ocr_line' id='line_1_5' title="bbox 147 899 888 971; baseline -0.003 -13"><span class='ocrx_word' id='word_1_18' title='bbox 147 902 197 971; x_wconf 87' lang='lat' dir='ltr'>Et,</span> <span class='ocrx_word' id='word_1_19' title='bbox 219 900 387 959; x_wconf 74' lang='lat' dir='ltr'>tremefacta</span> <span class='ocrx_word' id='word_1_20' title='bbox 399 919 511 958; x_wconf 86' lang='lat' dir='ltr'>comam</span> <span class='ocrx_word' id='word_1_21' title='bbox 523 899 656 958; x_wconf 83' lang='lat' dir='ltr'>concusso</span> <span class='ocrx_word' id='word_1_22' title='bbox 668 899 784 967; x_wconf 87' lang='lat' dir='ltr'>vertice,</span> <span class='ocrx_word' id='word_1_23' title='bbox 804 908 888 957; x_wconf 89' lang='lat' dir='ltr'>nutat</span> 
     </span>
    </p>

    <p class='ocr_par' dir='ltr' id='par_1_5' title="bbox 146 1002 893 1080">
     <span class='ocr_line' id='line_1_6' title="bbox 146 1002 893 1080; baseline -0.001 -20"><span class='ocrx_word' id='word_1_24' title='bbox 146 1002 347 1073; x_wconf 81' lang='lat' dir='ltr'>Volneribus3·</span> <span class='ocrx_word' id='word_1_25' title='bbox 361 1003 615 1080; x_wconf 81' lang='lat' dir='ltr'>donec&#39;paullatim</span> <span class='ocrx_word' id='word_1_26' title='bbox 626 1002 717 1059; x_wconf 72' lang='lat' dir='ltr'>evids</span> <span class='ocrx_word' id='word_1_27' title='bbox 729 1002 893 1078; x_wconf 86' lang='lat' dir='ltr'>supremum</span> 
     </span>
    </p>

    <p class='ocr_par' dir='ltr' id='par_1_6' title="bbox 148 1104 832 1182">
     <span class='ocr_line' id='line_1_7' title="bbox 148 1104 832 1182; baseline 0 -20"><span class='ocrx_word' id='word_1_28' title='bbox 148 1105 340 1181; x_wconf 83' lang='lat' dir='ltr'>Congemuit‚</span> <span class='ocrx_word' id='word_1_29' title='bbox 361 1105 505 1180; x_wconf 85' lang='lat' dir='ltr'>traxitque</span> <span class='ocrx_word' id='word_1_30' title='bbox 514 1104 593 1182; x_wconf 82' lang='lat' dir='ltr'>jugis</span> <span class='ocrx_word' id='word_1_31' title='bbox 606 1105 698 1162; x_wconf 82' lang='lat' dir='ltr'>avolsa</span> <span class='ocrx_word' id='word_1_32' title='bbox 710 1105 832 1162; x_wconf 80' lang='lat' dir='ltr'>ruinam.</span> 
     </span>
    </p>

    <p class='ocr_par' dir='ltr' id='par_1_7' title="bbox 148 1202 951 1275">
     <span class='ocr_line' id='line_1_8' title="bbox 148 1202 951 1275; baseline 0.002 -11"><span class='ocrx_word' id='word_1_33' title='bbox 148 1207 314 1275; x_wconf 83' lang='lat' dir='ltr'>Desceudo,</span> <span class='ocrx_word' id='word_1_34' title='bbox 324 1226 365 1275; x_wconf 91' lang='lat' dir='ltr'>ac,</span> <span class='ocrx_word' id='word_1_35' title='bbox 377 1207 499 1265; x_wconf 87' lang='lat' dir='ltr'>ducente</span> <span class='ocrx_word' id='word_1_36' title='bbox 509 1208 572 1274; x_wconf 90' lang='lat' dir='ltr'>deo,</span> <span class='ocrx_word' id='word_1_37' title='bbox 584 1207 731 1264; x_wconf 87' lang='lat' dir='ltr'>dammam</span> <span class='ocrx_word' id='word_1_38' title='bbox 743 1207 817 1264; x_wconf 89' lang='lat' dir='ltr'>inter</span> <span class='ocrx_word' id='word_1_39' title='bbox 826 1217 856 1265; x_wconf 88' lang='lat' dir='ltr'>et</span> <span class='ocrx_word' id='word_1_40' title='bbox 865 1202 951 1266; x_wconf 84' lang='lat' dir='ltr'>hostis</span> 
     </span>
    </p>

    <p class='ocr_par' dir='ltr' id='par_1_8' title="bbox 147 1308 952 1488">
     <span class='ocr_line' id='line_1_9' title="bbox 147 1308 950 1386; baseline 0.004 -20"><span class='ocrx_word' id='word_1_41' title='bbox 147 1308 313 1386; x_wconf 69' lang='lat' dir='ltr'>Expediet,</span> <span class='ocrx_word' id='word_1_42' title='bbox 336 1311 405 1367; x_wconf 86' lang='lat' dir='ltr'>dant</span> <span class='ocrx_word' id='word_1_43' title='bbox 418 1310 474 1367; x_wconf 89' lang='lat' dir='ltr'>tela</span> <span class='ocrx_word' id='word_1_44' title='bbox 488 1309 593 1377; x_wconf 90' lang='lat' dir='ltr'>locum,</span> <span class='ocrx_word' id='word_1_45' title='bbox 610 1308 792 1385; x_wconf 81' lang='lat' dir='ltr'>flammaeque</span> <span class='ocrx_word' id='word_1_46' title='bbox 804 1309 950 1370; x_wconf 83' lang='lat' dir='ltr'>recedunt.</span> 
     </span>
     <span class='ocr_line' id='line_1_10' title="bbox 189 1410 952 1488; baseline 0 -19"><span class='ocrx_word' id='word_1_47' title='bbox 189 1414 302 1487; x_wconf 89' lang='lat' dir='ltr'>Atque,</span> <span class='ocrx_word' id='word_1_48' title='bbox 308 1412 359 1469; x_wconf 90' lang='lat' dir='ltr'>ubi</span> <span class='ocrx_word' id='word_1_49' title='bbox 365 1411 426 1487; x_wconf 86' lang='lat' dir='ltr'>jam</span> <span class='ocrx_word' id='word_1_50' title='bbox 433 1412 532 1487; x_wconf 82' lang='lat' dir='ltr'>patriae</span> <span class='ocrx_word' id='word_1_51' title='bbox 539 1419 709 1488; x_wconf 76' lang='lat' dir='ltr'>perventum</span> <span class='ocrx_word' id='word_1_52' title='bbox 717 1412 753 1468; x_wconf 87' lang='lat' dir='ltr'>ad</span> <span class='ocrx_word' id='word_1_53' title='bbox 762 1411 863 1470; x_wconf 80' lang='lat' dir='ltr'>limina</span> <span class='ocrx_word' id='word_1_54' title='bbox 870 1410 952 1482; x_wconf 86' lang='lat' dir='ltr'>sedis,</span> 
     </span>
    </p>

    <p class='ocr_par' dir='ltr' id='par_1_9' title="bbox 148 1513 951 1592">
     <span class='ocr_line' id='line_1_11' title="bbox 148 1513 951 1592; baseline 0.001 -20"><span class='ocrx_word' id='word_1_55' title='bbox 148 1515 357 1592; x_wconf 76' lang='lat' dir='ltr'>Antiquusque</span> <span class='ocrx_word' id='word_1_56' title='bbox 368 1515 478 1587; x_wconf 86' lang='lat' dir='ltr'>dom0s;</span> <span class='ocrx_word' id='word_1_57' title='bbox 491 1513 612 1590; x_wconf 81' lang='lat' dir='ltr'>genitor,</span> <span class='ocrx_word' id='word_1_58' title='bbox 625 1532 712 1589; x_wconf 87' lang='lat' dir='ltr'>quem</span> <span class='ocrx_word' id='word_1_59' title='bbox 724 1513 824 1573; x_wconf 90' lang='lat' dir='ltr'>tollere</span> <span class='ocrx_word' id='word_1_60' title='bbox 835 1514 866 1571; x_wconf 90' lang='lat' dir='ltr'>in</span> <span class='ocrx_word' id='word_1_61' title='bbox 879 1515 951 1573; x_wconf 86' lang='lat' dir='ltr'>altos</span> 
     </span>
    </p>

    <p class='ocr_par' dir='ltr' id='par_1_10' title="bbox 148 1615 921 1695">
     <span class='ocr_line' id='line_1_12' title="bbox 148 1615 921 1695; baseline 0.003 -20"><span class='ocrx_word' id='word_1_62' title='bbox 148 1619 301 1695; x_wconf 87' lang='lat' dir='ltr'>Optabam</span> <span class='ocrx_word' id='word_1_63' title='bbox 313 1617 439 1694; x_wconf 87' lang='lat' dir='ltr'>primum</span> <span class='ocrx_word' id='word_1_64' title='bbox 451 1616 566 1683; x_wconf 86' lang='lat' dir='ltr'>montis,</span> <span class='ocrx_word' id='word_1_65' title='bbox 585 1615 767 1692; x_wconf 89' lang='lat' dir='ltr'>primumque</span> <span class='ocrx_word' id='word_1_66' title='bbox 779 1618 921 1692; x_wconf 80' lang='lat' dir='ltr'>petebam,</span> 
     </span>
    </p>

    <p class='ocr_par' dir='ltr' id='par_1_11' title="bbox 149 1717 773 1796">
     <span class='ocr_line' id='line_1_13' title="bbox 149 1717 773 1796; baseline -0.005 -18"><span class='ocrx_word' id='word_1_67' title='bbox 149 1722 292 1796; x_wconf 78' lang='lat' dir='ltr'>Abnegat</span> <span class='ocrx_word' id='word_1_68' title='bbox 303 1718 397 1777; x_wconf 71' lang='lat' dir='ltr'>excisa</span> <span class='ocrx_word' id='word_1_69' title='bbox 409 1719 498 1777; x_wconf 86' lang='lat' dir='ltr'>vitam</span> <span class='ocrx_word' id='word_1_70' title='bbox 510 1718 666 1795; x_wconf 82' lang='lat' dir='ltr'>producere</span> <span class='ocrx_word' id='word_1_71' title='bbox 677 1717 773 1794; x_wconf 77' lang='lat' dir='ltr'>Trojd,</span> 
     </span>
    </p>

    <p class='ocr_par' dir='ltr' id='par_1_12' title="bbox 150 1820 885 1898">
     <span class='ocr_line' id='line_1_14' title="bbox 150 1820 885 1898; baseline 0.003 -18"><span class='ocrx_word' id='word_1_72' title='bbox 150 1821 353 1897; x_wconf 81' lang='lat' dir='ltr'>Exfiliumque</span> <span class='ocrx_word' id='word_1_73' title='bbox 366 1820 435 1898; x_wconf 87' lang='lat' dir='ltr'>pati.</span> <span class='ocrx_word' id='word_1_74' title='bbox 465 1822 525 1877; x_wconf 86' lang='lat' dir='ltr'>Vos</span> <span class='ocrx_word' id='word_1_75' title='bbox 537 1821 569 1878; x_wconf 92' lang='lat' dir='ltr'>ol</span> <span class='ocrx_word' id='word_1_76' title='bbox 592 1820 694 1896; x_wconf 88' lang='lat' dir='ltr'>quibus</span> <span class='ocrx_word' id='word_1_77' title='bbox 706 1821 819 1897; x_wconf 81' lang='lat' dir='ltr'>integer</span> <span class='ocrx_word' id='word_1_78' title='bbox 831 1822 885 1882; x_wconf 86' lang='lat' dir='ltr'>aevi</span> 
     </span>
    </p>

    <p class='ocr_par' dir='ltr' id='par_1_13' title="bbox 152 1923 881 2002">
     <span class='ocr_line' id='line_1_15' title="bbox 152 1923 881 2002; baseline 0.001 -19"><span class='ocrx_word' id='word_1_79' title='bbox 152 1925 284 2002; x_wconf 83' lang='lat' dir='ltr'>Sanguis,</span> <span class='ocrx_word' id='word_1_80' title='bbox 305 1925 355 1992; x_wconf 86' lang='lat' dir='ltr'>ait,</span> <span class='ocrx_word' id='word_1_81' title='bbox 376 1923 528 2000; x_wconf 86' lang='lat' dir='ltr'>solidaeque</span> <span class='ocrx_word' id='word_1_82' title='bbox 539 1923 588 1981; x_wconf 91' lang='lat' dir='ltr'>suo</span> <span class='ocrx_word' id='word_1_83' title='bbox 601 1923 673 1981; x_wconf 85' lang='lat' dir='ltr'>stant</span> <span class='ocrx_word' id='word_1_84' title='bbox 686 1925 786 1982; x_wconf 87' lang='lat' dir='ltr'>robore</span> <span class='ocrx_word' id='word_1_85' title='bbox 799 1925 881 1996; x_wconf 77' lang='lat' dir='ltr'>vires,</span> 
     </span>
    </p>

    <p class='ocr_par' dir='ltr' id='par_1_14' title="bbox 148 2027 463 2105">
     <span class='ocr_line' id='line_1_16' title="bbox 148 2027 463 2105; baseline -0.006 -20"><span class='ocrx_word' id='word_1_86' title='bbox 148 2027 212 2087; x_wconf 83' lang='lat' dir='ltr'>Vos</span> <span class='ocrx_word' id='word_1_87' title='bbox 224 2028 335 2105; x_wconf 84' lang='lat' dir='ltr'>agitate</span> <span class='ocrx_word' id='word_1_88' title='bbox 346 2027 463 2104; x_wconf 86' lang='lat' dir='ltr'>sugam:</span> 
     </span>
    </p>

    <p class='ocr_par' dir='ltr' id='par_1_15' title="bbox 151 2130 778 2200">
     <span class='ocr_line' id='line_1_17' title="bbox 151 2130 778 2200; baseline -0.003 -9"><span class='ocrx_word' id='word_1_89' title='bbox 151 2132 207 2191; x_wconf 89' lang='lat' dir='ltr'>Me</span> <span class='ocrx_word' id='word_1_90' title='bbox 220 2133 241 2191; x_wconf 87' lang='lat' dir='ltr'>li</span> <span class='ocrx_word' id='word_1_91' title='bbox 254 2132 391 2190; x_wconf 84' lang='lat' dir='ltr'>coelicolae</span> <span class='ocrx_word' id='word_1_92' title='bbox 403 2130 552 2189; x_wconf 80' lang='lat' dir='ltr'>voluissent</span> <span class='ocrx_word' id='word_1_93' title='bbox 565 2132 668 2190; x_wconf 88' lang='lat' dir='ltr'>ducere</span> <span class='ocrx_word' id='word_1_94' title='bbox 679 2132 778 2200; x_wconf 89' lang='lat' dir='ltr'>vitam,</span> 
     </span>
    </p>

    <p class='ocr_par' dir='ltr' id='par_1_16' title="bbox 152 2232 927 2312">
     <span class='ocr_line' id='line_1_18' title="bbox 152 2232 927 2312; baseline 0 -19"><span class='ocrx_word' id='word_1_95' title='bbox 152 2234 216 2293; x_wconf 85' lang='lat' dir='ltr'>Has</span> <span class='ocrx_word' id='word_1_96' title='bbox 229 2233 305 2292; x_wconf 89' lang='lat' dir='ltr'>mihi</span> <span class='ocrx_word' id='word_1_97' title='bbox 318 2233 468 2292; x_wconf 82' lang='lat' dir='ltr'>servassent</span> <span class='ocrx_word' id='word_1_98' title='bbox 481 2232 568 2292; x_wconf 84' lang='lat' dir='ltr'>sedes.</span> <span class='ocrx_word' id='word_1_99' title='bbox 608 2233 680 2291; x_wconf 86' lang='lat' dir='ltr'>Satis</span> <span class='ocrx_word' id='word_1_100' title='bbox 693 2253 760 2303; x_wconf 88' lang='lat' dir='ltr'>una,</span> <span class='ocrx_word' id='word_1_101' title='bbox 780 2234 927 2312; x_wconf 85' lang='lat' dir='ltr'>superque,</span> 
     </span>
    </p>

    <p class='ocr_par' dir='ltr' id='par_1_17' title="bbox 153 2335 874 2412">
     <span class='ocr_line' id='line_1_19' title="bbox 153 2335 874 2412; baseline 0.003 -17"><span class='ocrx_word' id='word_1_102' title='bbox 153 2336 427 2404; x_wconf 82' lang='lat' dir='ltr'>Vidimusexcidia,</span> <span class='ocrx_word' id='word_1_103' title='bbox 447 2345 477 2394; x_wconf 84' lang='lat' dir='ltr'>et</span> <span class='ocrx_word' id='word_1_104' title='bbox 490 2345 581 2411; x_wconf 85' lang='lat' dir='ltr'>captae</span> <span class='ocrx_word' id='word_1_105' title='bbox 594 2335 786 2412; x_wconf 81' lang='lat' dir='ltr'>superavimus</span> <span class='ocrx_word' id='word_1_106' title='bbox 799 2338 874 2398; x_wconf 90' lang='lat' dir='ltr'>urbi.</span> 
     </span>
    </p>

    <p class='ocr_par' dir='ltr' id='par_1_18' title="bbox 155 2436 815 2515">
     <span class='ocr_line' id='line_1_20' title="bbox 155 2436 815 2515; baseline 0 -18"><span class='ocrx_word' id='word_1_107' title='bbox 155 2440 200 2497; x_wconf 85' lang='lat' dir='ltr'>Sic</span> <span class='ocrx_word' id='word_1_108' title='bbox 213 2440 245 2497; x_wconf 91' lang='lat' dir='ltr'>ol</span> <span class='ocrx_word' id='word_1_109' title='bbox 268 2440 307 2497; x_wconf 89' lang='lat' dir='ltr'>src</span> <span class='ocrx_word' id='word_1_110' title='bbox 320 2438 442 2515; x_wconf 76' lang='lat' dir='ltr'>positum</span> <span class='ocrx_word' id='word_1_111' title='bbox 454 2436 545 2495; x_wconf 89' lang='lat' dir='ltr'>adfati</span> <span class='ocrx_word' id='word_1_112' title='bbox 558 2437 694 2496; x_wconf 86' lang='lat' dir='ltr'>discedite</span> <span class='ocrx_word' id='word_1_113' title='bbox 705 2456 815 2515; x_wconf 90' lang='lat' dir='ltr'>corpus.</span> 
     </span>
    </p>

    <p class='ocr_par' dir='ltr' id='par_1_19' title="bbox 156 2539 953 2619">
     <span class='ocr_line' id='line_1_21' title="bbox 156 2539 953 2619; baseline 0.003 -20"><span class='ocrx_word' id='word_1_114' title='bbox 156 2542 219 2619; x_wconf 90' lang='lat' dir='ltr'>Ipse</span> <span class='ocrx_word' id='word_1_115' title='bbox 231 2560 322 2599; x_wconf 87' lang='lat' dir='ltr'>mann</span> <span class='ocrx_word' id='word_1_116' title='bbox 335 2548 458 2598; x_wconf 87' lang='lat' dir='ltr'>mortem</span> <span class='ocrx_word' id='word_1_117' title='bbox 469 2539 625 2597; x_wconf 88' lang='lat' dir='ltr'>inveniam.</span> <span class='ocrx_word' id='word_1_118' title='bbox 649 2539 847 2599; x_wconf 86' lang='lat' dir='ltr'>Miserebitur</span> <span class='ocrx_word' id='word_1_119' title='bbox 857 2541 953 2614; x_wconf 85' lang='lat' dir='ltr'>hostis,</span> 
     </span>
    </p>

    <p class='ocr_par' dir='ltr' id='par_1_20' title="bbox 157 2639 843 2720">
     <span class='ocr_line' id='line_1_22' title="bbox 157 2639 843 2720; baseline 0.001 -18"><span class='ocrx_word' id='word_1_120' title='bbox 157 2644 339 2720; x_wconf 80' lang='lat' dir='ltr'>Exuviasque</span> <span class='ocrx_word' id='word_1_121' title='bbox 351 2641 439 2719; x_wconf 87' lang='lat' dir='ltr'>petet.</span> <span class='ocrx_word' id='word_1_122' title='bbox 465 2639 467 2647; x_wconf 86' lang='lat'>&#39;</span> <span class='ocrx_word' id='word_1_123' title='bbox 480 2642 581 2700; x_wconf 84' lang='lat' dir='ltr'>Facilis</span> <span class='ocrx_word' id='word_1_124' title='bbox 590 2641 699 2719; x_wconf 71' lang='lat' dir='ltr'>jadnra</span> <span class='ocrx_word' id='word_1_125' title='bbox 712 2643 843 2720; x_wconf 89' lang='lat' dir='ltr'>sepulcri.</span> 
     </span>
    </p>

    <p class='ocr_par' dir='ltr' id='par_1_21' title="bbox 157 2743 850 2824">
     <span class='ocr_line' id='line_1_23' title="bbox 157 2743 850 2824; baseline 0 -20"><span class='ocrx_word' id='word_1_126' title='bbox 157 2747 222 2823; x_wconf 90' lang='lat' dir='ltr'>Jam</span> <span class='ocrx_word' id='word_1_127' title='bbox 234 2746 347 2824; x_wconf 88' lang='lat' dir='ltr'>pridem</span> <span class='ocrx_word' id='word_1_128' title='bbox 359 2744 464 2803; x_wconf 85' lang='lat' dir='ltr'>invisus</span> <span class='ocrx_word' id='word_1_129' title='bbox 478 2743 560 2812; x_wconf 88' lang='lat' dir='ltr'>divis,</span> <span class='ocrx_word' id='word_1_130' title='bbox 580 2752 610 2801; x_wconf 86' lang='lat' dir='ltr'>et</span> <span class='ocrx_word' id='word_1_131' title='bbox 622 2743 742 2814; x_wconf 87' lang='lat' dir='ltr'>inutilis,</span> <span class='ocrx_word' id='word_1_132' title='bbox 762 2764 850 2804; x_wconf 85' lang='lat' dir='ltr'>annos</span> 
     </span>
    </p>

    <p class='ocr_par' dir='ltr' id='par_1_22' title="bbox 158 2845 954 2924">
     <span class='ocr_line' id='line_1_24' title="bbox 158 2845 954 2924; baseline -0.001 -17"><span class='ocrx_word' id='word_1_133' title='bbox 158 2850 313 2922; x_wconf 77' lang='lat' dir='ltr'>Demoror3</span> <span class='ocrx_word' id='word_1_134' title='bbox 327 2867 365 2906; x_wconf 83' lang='lat' dir='ltr'>ex</span> <span class='ocrx_word' id='word_1_135' title='bbox 374 2865 432 2924; x_wconf 91' lang='lat' dir='ltr'>quo</span> <span class='ocrx_word' id='word_1_136' title='bbox 441 2864 488 2903; x_wconf 88' lang='lat' dir='ltr'>me</span> <span class='ocrx_word' id='word_1_137' title='bbox 498 2845 595 2903; x_wconf 90' lang='lat' dir='ltr'>divom</span> <span class='ocrx_word' id='word_1_138' title='bbox 605 2855 696 2923; x_wconf 89' lang='lat' dir='ltr'>pater,</span> <span class='ocrx_word' id='word_1_139' title='bbox 706 2855 793 2923; x_wconf 90' lang='lat' dir='ltr'>atque</span> <span class='ocrx_word' id='word_1_140' title='bbox 803 2847 954 2906; x_wconf 82' lang='lat' dir='ltr'>hominum</span> 
     </span>
    </p>

    <p class='ocr_par' dir='ltr' id='par_1_23' title="bbox 178 2967 296 3021">
     <span class='ocr_line' id='line_1_25' title="bbox 178 2967 296 3021; baseline 0 -12"><span class='ocrx_word' id='word_1_141' title='bbox 178 2967 184 2978; x_wconf 69' lang='lat'><strong>⁴</strong></span> <span class='ocrx_word' id='word_1_142' title='bbox 233 2970 296 3021; x_wconf 84' lang='lat' dir='ltr'>rex,</span> 
     </span>
    </p>
   </div>
   <div class='ocr_carea' id='block_1_3' title="bbox 151 3048 937 3437">
    <p class='ocr_par' dir='ltr' id='par_1_24' title="bbox 160 3048 814 3128">
     <span class='ocr_line' id='line_1_26' title="bbox 160 3048 814 3128; baseline -0.003 -17"><span class='ocrx_word' id='word_1_143' title='bbox 160 3052 297 3111; x_wconf 82' lang='lat' dir='ltr'>Fulminis</span> <span class='ocrx_word' id='word_1_144' title='bbox 310 3050 429 3109; x_wconf 76' lang='lat' dir='ltr'>adflavit</span> <span class='ocrx_word' id='word_1_145' title='bbox 441 3048 542 3117; x_wconf 90' lang='lat' dir='ltr'>ventis,</span> <span class='ocrx_word' id='word_1_146' title='bbox 561 3050 729 3127; x_wconf 84' lang='lat' dir='ltr'>etcontigit</span> <span class='ocrx_word' id='word_1_147' title='bbox 741 3051 814 3128; x_wconf 88' lang='lat' dir='ltr'>igni.</span> 
     </span>
    </p>

    <p class='ocr_par' dir='ltr' id='par_1_25' title="bbox 151 3152 937 3437">
     <span class='ocr_line' id='line_1_27' title="bbox 159 3152 884 3233; baseline 0 -22"><span class='ocrx_word' id='word_1_148' title='bbox 159 3155 238 3214; x_wconf 86' lang='lat' dir='ltr'>Talia</span> <span class='ocrx_word' id='word_1_149' title='bbox 251 3154 391 3233; x_wconf 86' lang='lat' dir='ltr'>perstabat</span> <span class='ocrx_word' id='word_1_150' title='bbox 404 3170 574 3222; x_wconf 85' lang='lat' dir='ltr'>memorans,</span> <span class='ocrx_word' id='word_1_151' title='bbox 593 3152 724 3228; x_wconf 80' lang='lat' dir='ltr'>fixusque</span> <span class='ocrx_word' id='word_1_152' title='bbox 736 3156 884 3213; x_wconf 83' lang='lat' dir='ltr'>manebat:</span> 
     </span>
     <span class='ocr_line' id='line_1_28' title="bbox 161 3253 916 3331; baseline 0.003 -18"><span class='ocrx_word' id='word_1_153' title='bbox 161 3256 219 3315; x_wconf 86' lang='lat' dir='ltr'>Nos</span> <span class='ocrx_word' id='word_1_154' title='bbox 231 3257 347 3326; x_wconf 82' lang='lat' dir='ltr'>contra,¹</span> <span class='ocrx_word' id='word_1_155' title='bbox 359 3254 441 3314; x_wconf 86' lang='lat' dir='ltr'>effusr</span> <span class='ocrx_word' id='word_1_156' title='bbox 454 3254 588 3324; x_wconf 85' lang='lat' dir='ltr'>lacrimis,</span> <span class='ocrx_word' id='word_1_157' title='bbox 608 3253 790 3331; x_wconf 84' lang='lat' dir='ltr'>conjuuxque</span> <span class='ocrx_word' id='word_1_158' title='bbox 800 3256 916 3325; x_wconf 78' lang='lat' dir='ltr'>Credsa,</span> 
     </span>
     <span class='ocr_line' id='line_1_29' title="bbox 151 3356 937 3437; baseline 0.004 -21"><span class='ocrx_word' id='word_1_159' title='bbox 151 3358 365 3437; x_wconf 60' lang='lat' dir='ltr'>&#39;Asmnimqne</span> <span class='ocrx_word' id='word_1_160' title='bbox 382 3357 533 3432; x_wconf 85' lang='lat' dir='ltr'>omnisque</span> <span class='ocrx_word' id='word_1_161' title='bbox 545 3356 657 3427; x_wconf 85' lang='lat' dir='ltr'>domus,¹</span> <span class='ocrx_word' id='word_1_162' title='bbox 670 3375 708 3415; x_wconf 91' lang='lat' dir='ltr'>ne</span> <span class='ocrx_word' id='word_1_163' title='bbox 718 3368 828 3416; x_wconf 78' lang='lat' dir='ltr'>vertere</span> <span class='ocrx_word' id='word_1_164' title='bbox 840 3360 937 3419; x_wconf 88' lang='lat' dir='ltr'>secum</span> 
     </span>
    </p>
   </div>
   <div class='ocr_carea' id='block_1_4' title="bbox 0 0 1141 4050">
    <p class='ocr_par' dir='ltr' id='par_1_26' title="bbox 0 0 1141 4050">
     <span class='ocr_line' id='line_1_30' title="bbox 0 0 1141 4050; baseline 0 0"><span class='ocrx_word' id='word_1_165' title='bbox 0 0 1141 4050; x_wconf 95' lang='lat' dir='ltr'> </span> 
     </span>
    </p>
   </div>
  </div>
 </body>
</html>
