2250 4050
154 446 258 499 rem.
466 438 569 501 LIB.
607 443 633 501 I.
913 445 952 512 57

189 595 220 655 Si
231 614 301 655 vero
310 596 402 666 solem
413 597 452 656 ad
462 597 606 675 rapidum,
625 599 764 676 lunaeque
776 594 919 673 sequentia

150 699 271 771 Ordine,
291 700 439 777 respicio„
461 720 622 778 numquam
634 711 664 758 te
676 701 796 758 crastina
808 698 892 758 fallet

149 802 238 872 Hora,
259 821 354 880 neque
366 802 477 862 insidiis
490 803 582 864 noetis
593 803 706 882 capiere
719 802 835 861 serenae.

146 906 242 977 Luna,
253 916 429 966 revertentes
441 926 532 983 quum
543 906 671 985 primum
683 905 804 982 conligit
814 903 902 982 ignia,

147 1008 178 1066 Si
191 1008 312 1084 nigrum
324 1009 444 1067 obscuro
456 1009 659 1087 conprenderit
670 1010 735 1066 aera
749 1026 849 1077 comu,

146 1111 310 1170 Maxumus
324 1111 459 1188 agricolis
469 1112 630 1190 pelagoque
641 1110 790 1188 parabitur
801 1109 909 1168 imber:

146 1215 200 1282 At,
222 1213 243 1270 fi
257 1212 423 1290 virgineum
435 1213 588 1272 suffuderit
600 1232 649 1272 ore
662 1215 805 1283 ruborem,

146 1317 264 1376 Ventus
276 1317 332 1374 erit
338 1342 348 1388 ς
368 1326 456 1375 vento
468 1317 580 1394 semper
591 1317 676 1374 rubet
688 1334 774 1373 aurea
785 1315 903 1374 Phoebe.

146 1420 198 1477 Sin
212 1429 282 1478 ortu
294 1419 327 1477 in
340 1429 451 1496 quarto,
467 1436 592 1494 namque
604 1418 630 1476 is
640 1417 809 1476 certiffimua
822 1419 930 1492 audior²

146 1523 232 1592 Pura,
253 1522 467 1597 nequeobtufis
479 1540 531 1599 per
542 1521 649 1580 coelum
660 1520 794 1579 comibus
806 1520 879 1592 ἰδίη

146 1625 241 1712 Totus
254 1636 287 1682 et
298 1624 350 1684 ille
361 1625 431 1696 dies,
449 1635 490 1696 et,
508 1623 560 1702 qui
573 1623 724 1683 nascentur
734 1625 770 1682 ab
782 1622 835 1680 illo

146 1728 294 1787 Exadmm
306 1728 344 1785 ad
356 1727 493 1797 mensem,
505 1726 604 1805 pluvia
616 1726 766 1803 ventisque
778 1725 928 1784 carebunt:

146 1829 285 1906 Votaque
297 1829 403 1888 servati
414 1829 525 1890 solvent
536 1829 569 1888 iu
581 1829 665 1888 litore
677 1839 773 1887 nautae

146 1935 272 2005 Glauco,
282 1943 323 1991 -et
337 1935 483 2011 Panopae,
494 1941 533 1990 .et
545 1933 618 1991 Inoo
630 1929 800 1992 Melicerte.

155 2081 160 2088 .
185 2037 235 2097 Sol
253 2055 381 2113 quoque,
399 2036 583 2107 emoriens,
605 2046 636 2096 et
653 2054 744 2113 quum
760 2035 790 2093 se
807 2034 908 2095 oondit
918 2034 950 2095 in

269 2140 369 2212 undas,
853 2151 855 2156 ’

146 2244 237 2323 Signa
250 2242 347 2302 dabit:
370 2242 459 2302 solem
471 2242 621 2302 oertiffimn
633 2243 712 2321 signa
725 2243 892 2321 sequuntur,

146 2346 184 2405 Et
198 2365 266 2423 quae
278 2364 365 2404 mane
377 2345 475 2417 refert,
493 2355 524 2405 et
536 2365 601 2422 quae
613 2345 797 2424 surgentibus
808 2346 897 2408 astris.

146 2448 202 2507 Ille
215 2447 270 2507 ubi
284 2448 447 2508 nascentem
459 2448 580 2507 maculis
592 2448 744 2515 variaverit
756 2450 865 2518 orbem,

146 2552 293 2610 Conditus
304 2551 336 2609 in
349 2553 465 2620 nubem,
485 2552 639 2627 medioque
652 2551 792 2629 refugerit
803 2561 880 2624 ortu,

146 2654 281 2732 Suspeffi
294 2652 349 2711 tibi
362 2654 416 2712 fint
428 2654 535 2712 imbres
539 2679 548 2727 ;
570 2673 695 2731 namque
707 2665 812 2731 urguet
824 2657 861 2713 ab
873 2654 933 2713 alto

146 2757 369 2832 Arboribusque
382 2756 506 2832 satisque
518 2756 615 2815 Notus
627 2750 781 2833 pecorique
795 2757 911 2816 sinister.

146 2865 211 2920 Aut
224 2858 278 2918 ubi
290 2858 449 2918 sub-lucem
463 2858 549 2917 densa
561 2860 638 2916 inter
650 2858 749 2917 nubila
763 2859 821 2918 sese
920 2918 923 2924 ,

146 2962 264 3022 Diversi
276 2971 413 3039 rumpent
424 2960 507 3031 radii,
527 2970 578 3021 aut
593 2960 644 3019 ubi
658 2960 764 3038 pallida
777 2961 875 3039 surget

146 3063 275 3126 Tithoni
286 3082 421 3123 croceum
432 3064 566 3141 linquens
579 3065 692 3122 Aurora
704 3063 814 3136 cubile3

146 3168 216 3227 Heu
226 3166 233 3225 Ι
255 3166 332 3225 male
344 3175 408 3224 tum
419 3166 504 3225 mites
516 3166 652 3225 defendet
664 3166 815 3244 pampinus
827 3185 910 3229 uvat:

146 3272 223 3331 Tam
238 3270 331 3329 multu
341 3267 373 3326 in
386 3269 468 3326 tedia
479 3267 621 3345 crepitans
632 3267 696 3326 salit
707 3268 820 3329 horrida
831 3273 949 3348 grando.

149 3374 215 3433 Hoc
229 3374 330 3444 etiam,
350 3370 465 3431 emenso
477 3389 568 3447 quum
577 3368 638 3446 jam
652 3372 770 3431 decedet
782 3372 917 3451 Olympo,
