2250 4050
456 424 503 474 ln
523 425 774 475 .v1RG1L1'nM

229 600 232 607 ι
254 578 256 583 ·
344 563 617 631 Perq0e‘noi1emluees,'
632 585 709 632 expers
717 569 826 631 undaque
836 568 957 632 cibique,''
1032 594 1035 601 =

347 657 435 705 ‘Rorc'
446 673 517 716 mero,
532 658 694 720 lachrymisque
704 659 747 705 suis
754 658 839 721 jejunia
850 660 921 721 pavit.

217 747 275 796 Vide
284 746 371 795 Lucret.
381 747 415 793 vi·
428 759 483 806 720.
517 749 547 794 Et
556 745 587 794 iti
601 747 672 794 noster
685 744 755 794 etiim
765 746 844 809 saepids
856 748 946 794 locutus
958 746 988 793 est
1002 745 1024 792 in

218 838 260 885 hoc
277 835 385 898 po'e'mate.

250 928 303 974 Ver.
316 939 329 987 5
333 936 369 986 54.
390 924 535 982 Coneionids,
551 921 579 971 ni
589 923 661 983 fallor,
675 925 775 973 ordinavi
784 925 870 972 locum.

515 1134 551 1172 IN
573 1131 725 1172 CULICEM.

251 1270 305 1316 Ver.
317 1283 363 1330 223.
391 1271 509 1332 Sequimur
525 1270 641 1318 dodiorum
659 1271 760 1318 virorum
778 1269 942 1332 mjedirinm.
983 1267 1024 1313 llas

219 1373 283 1404 voces
297 1357 397 1405 confusas
406 1359 503 1406 vidimus
513 1359 606 1406 librariis
614 1360 642 1406 ad
656 1360 736 1418 Georg.
750 1358 780 1403 iv.
793 1371 849 1419 509.
882 1358 941 1424 Qis
954 1354 1023 1402 autern

221 1447 245 1493 in
256 1447 290 1494 liis
299 1447 421 1509 quisquiliis
431 1448 523 1494 rationes
533 1447 619 1495 criticas
626 1446 719 1495 severius
729 1446 845 1494 subdudlas
855 1446 990 1508 postulabit?

253 1538 307 1586 Ver.
320 1549 357 1596 34.
379 1535 444 1583 Olim
460 1536 614 1596 castigavimus
628 1536 688 1582 hunc
702 1537 779 1582 locum
788 1535 815 1581 ad
826 1536 910 1594 Georg.
926 1535 959 1582 iii.
974 1547 1024 1594 29²·

222 1625 418 1676 editionis'nostrae.
850 1676 854 1682 ,
901 1678 905 1683 ,

253 1716 307 1762 Ver.
315 1727 355 1774 41.
375 1714 430 1760 Haec
440 1713 503 1761 doda
513 1715 544 1762 est
554 1725 576 1761 et
584 1712 646 1762 valde
653 1713 777 1763 verifimilis
786 1713 916 1760 emendatio
923 1711 1024 1773 Scaligeri.

253 1803 306 1850 Ver.
317 1815 357 1864 47.
380 1802 415 1849 Sic
428 1800 529 1849 fortasse:

351 1892 405 1956 jam
415 1889 473 1937 silvis
482 1891 599 1954 dumisque
610 1893 723 1949 ‘vacant3’
737 1891 787 1953 jam
797 1892 890 1948 vallibus
900 1891 982 1948 abdunt

350 1979 460 2041 Corpora3
469 1978 570 2043 jamque,
580 1982 643 2029 omni
654 1980 774 2027 ‘celebres'
786 1978 799 2025 ὲ
809 1990 871 2042 parte
881 1990 1022 2041 vagantes-z

223 2070 237 2115 i.
248 2085 267 2115 e.
285 2068 520 2116 ‘densae-consertae!

253 2158 310 2205 Ver.
322 2169 360 2219 5ο.
380 2153 415 2214 Ῑεὲ
432 2157 565 2217 legendum:
584 2158 599 2204 i.
611 2174 631 2203 e·
653 2157 801 2217 virgultorum
819 2162 937 2217 ‘gemmas
945 2158 961 2204 :’
982 2156 1025 2203 vide

223 2248 271 2295 Ecl.
282 2263 304 2293 x.
316 2260 339 2305 7.
357 2257 379 2292 ei
390 2261 451 2295 voces
460 2246 558 2293 confusas
570 2262 609 2307 pro
619 2250 680 2293 more
691 2246 717 2291 ad
729 2247 786 2293 Geo.
797 2246 822 2292 ii.
835 2260 891 2307 332.

253 2338 307 2384 Ver.
321 2348 357 2396 55.
381 2334 439 2383 Vide
449 2335 533 2381 Silvam
542 2335 662 2392 Criticam,
679 2334 729 2381 feei.
741 2335 802 2381 cxlii.

231 2461 235 2465 .
254 2427 310 2473 Ver.
323 2424 364 2472 60.
387 2426 447 2485 Lego
456 2431 466 2457 ‘
475 2424 560 2486 pediine
569 2425 585 2471 ι’
602 2421 730 2486 metaphord
740 2439 785 2470 non
795 2421 879 2485 inepti,
890 2426 919 2473 ab
929 2439 1025 2487 agrorum

222 2515 284 2561 cultu
295 2513 372 2577 petiti.

255 2604 312 2650 Ver.
325 2616 364 2664 7⁰·
387 2599 448 2649 Beni
463 2601 574 2649 Heinsius.
592 2599 705 2663 Superflua
720 2601 752 2647 eli
767 2617 813 2648 vox
830 2606 912 2650 ‘notat
922 2604 939 2650 ι’
958 2601 1026 2651 confer

223 2694 304 2753 Georg.
317 2692 349 2738 iv.
368 2692 421 2752 306.

255 2783 309 2828 Ver.
321 2793 334 2840 7
338 2795 360 2844 ς.
383 2781 504 2826 Intulimus
515 2778 651 2842 conjedluras
661 2778 765 2841 proprias,
780 2794 835 2841 quas
845 2779 918 2827 asserit
931 2782 1026 2844 princeps

223 2872 283 2917 locus
293 2868 317 2915 in
327 2870 409 2928 Georg.
420 2868 444 2915 ii.
456 2881 510 2929 524„

372 2988 380 3007 .
402 2986 654 3004 ...........
670 2956 736 3002 ubera
747 2956 850 3003 ‘vacce'

352 3046 433 3098 Laliea
442 3046 577 3094 demittunt:

221 3136 296 3183 confer
311 3133 379 3184 etiim
391 3136 423 3181 iii.
436 3148 489 3193 ¹77·
513 3137 567 3201 Jam
577 3131 630 3181 verti
641 3135 727 3196 copula
741 3136 817 3196 paffim
833 3153 872 3198 per
886 3138 1018 3185 librariorum

222 3228 341 3286 incuriam,
357 3235 379 3271 et
389 3224 416 3270 ob
426 3225 583 3285 compendium
595 3223 715 3285 scripturn,
729 3226 841 3273 codicibus
850 3228 984 3275 exciderunt.

254 3316 307 3361 Ver.
319 3314 357 3360 80.
381 3313 474 3360 Seorsrm
485 3313 620 3373 conjeceram
632 3314 754 3361 ‘inhiavit’
765 3316 814 3379 post
827 3316 955 3365 Heinsrum.
