2250 4050
146 435 231 486 rurs.
406 420 506 480 ura.
546 418 601 478 111.
884 430 924 495 9⁵

146 579 334 656 Horrentiaque
347 580 442 648 rubos,
462 585 492 636 et
504 575 627 635 amantia
639 576 726 634 ardua
739 576 855 647 dumos3

148 682 226 761 itque
235 684 306 763 ipsae
317 701 460 742 memores
471 681 593 739 redeunt
606 680 638 738 in
652 681 734 750 tem,
754 677 875 756 suosque

149 784 254 860 Ducunt,
274 797 305 846 et
317 786 437 865 gravido
450 784 583 862 superant
595 783 647 842 vix
659 785 747 842 ubere
758 783 858 844 limen.

151 887 207 966 Ergo
217 891 297 951 omni
308 890 402 949 studio
414 889 538 967 glaciem
550 897 707 964 ventosque
719 887 832 957 nivalis,

153 991 201 1053 (iuo
212 998 303 1055 minor
314 995 356 1053 est
367 993 426 1052 iliis
437 1012 513 1051 curae
526 991 654 1050 mortalis
666 991 781 1068 egestas,

152 1096 259 1172 Avertam
280 1098 448 1174 vi8cumque
460 1096 532 1154 feres
544 1096 684 1172 et·virgea
698 1095 780 1153 laetus

152 1196 233 1261 Pabula
236 1229 245 1275 5
266 1219 321 1261 nec
334 1201 395 1260 toti
407 1201 520 1259 claudes
531 1199 643 1257 foenilia
656 1199 767 1257 bruma.

151 1302 256 1380 Atvero,
277 1303 417 1382 Zephyris
431 1322 522 1380 quum
534 1303 600 1360 laeta
614 1303 782 1361 vocantibus
794 1302 872 1363 astas

152 1402 176 1462 Iu
184 1408 259 1469 saltus
270 1419 427 1484 utrumque
438 1424 557 1483 gregem
566 1415 653 1482 atque
662 1407 693 1464 in
702 1405 805 1484 pascua
815 1408 922 1479 mittet,

152 1506 253 1572 Luciferi
266 1513 362 1591 primo
375 1530 443 1570 cum
455 1511 543 1568 fidere
556 1510 663 1586 frigida
675 1529 741 1568 rura

152 1609 292 1694 carpamus,
310 1618 382 1675 dum
397 1632 483 1675 mane
502 1633 619 1685 novum,
639 1615 710 1673 dum
728 1615 859 1692 gramina
875 1633 922 1675 ca·

206 1730 296 1792 nanu

152 1813 223 1882 Etrus
233 1825 264 1883 in
277 1823 378 1882 teneri
390 1823 487 1901 pecori
499 1823 670 1900 gratiflimua
681 1823 780 1882 berbi.

152 1915 210 1995 lude,
227 1928 278 1988 ubi
290 1936 392 2005 quarta
405 1926 482 1985 fitim
494 1927 560 1985 coeli
572 1927 730 2004 conlegerit
741 1927 821 1998 hora,

152 2017 179 2083 Et
187 2042 264 2091 cantu
277 2032 407 2109 querulae
419 2041 554 2109 rumpent
566 2032 676 2090 arbusta
689 2032 808 2103 cicadae;

152 2126 186 2187 Ad
194 2148 287 2212 puteos
300 2145 351 2196 aut
363 2136 421 2196 alta
434 2155 535 2214 greges
547 2137 583 2194 ad
597 2135 692 2212 stagna
702 2134 810 2213 jubebo

152 2228 298 2299 currentem
311 2239 410 2316 ilignis
422 2249 521 2317 potare
533 2239 680 2298 canalibus
692 2241 816 2313 undam3

151 2331 253 2402 AEffibua
264 2354 296 2403 at
307 2343 411 2402 mediis
423 2342 585 2402 umbrosam
599 2344 747 2419 exquirere
759 2344 872 2412 vallem,

151 2431 224 2504 Sicubi
235 2467 340 2525 magna
352 2447 434 2525 Jovis
447 2446 567 2522 antiquo
579 2448 679 2504 robore
692 2466 812 2522 quercus

151 2533 255 2621 Ingentis
267 2553 368 2610 tendat
381 2570 473 2610 ramos
477 2576 486 2623 3
507 2560 558 2609 aut
570 2550 659 2609 sicubi
671 2551 789 2628 nigrum

150 2636 241 2713 Ilicibus
252 2655 359 2715 crebris
372 2654 450 2713 sacri
462 2673 564 2713 nemus
577 2655 699 2713 adcubet
712 2656 829 2714 umbri:

149 2739 208 2813 Tum
219 2759 310 2819 tenuis
322 2760 390 2816 dare
402 2757 496 2816 rursus
510 2777 605 2833 aquas,
626 2768 656 2816 et
668 2758 782 2835 pascere
795 2758 890 2821 rursus

150 2843 202 2915 solis
212 2864 244 2920 ad
256 2862 387 2922 occasum
393 2886 402 2933 ς
425 2881 516 2938 quum
527 2861 651 2939 frigidus
663 2863 727 2922 aira
739 2862 839 2939 vesper

149 2944 288 3041 Temperat,
307 2976 338 3024 et
350 2964 437 3024 saltus
449 2965 542 3024 reficit
549 2964 613 3043 jam
625 2964 735 3023 roscida
747 2966 826 3036 luna,

149 3048 279 3145 Litotaque
291 3069 432 3145 alcyonea
444 3068 586 3142 resonant,
606 3068 786 3128 acalanthida
799 3068 890 3128 dumi.
907 3113 910 3120 .

179 3165 247 3230 Quid
260 3172 314 3231 tibi
326 3172 448 3249 pastores
461 3173 571 3249 Libyae,
591 3173 662 3249 quid
673 3171 777 3249 pascua
790 3173 873 3232 versu

150 3251 289 3350 prosequar*
301 3286 336 3343 ‚et
348 3276 417 3334 raris
430 3275 559 3335 habitata
573 3276 696 3353 mapalia
708 3276 808 3335 teffls?

151 3355 294 3456 breuem,
303 3380 484 3458 uoiiemque,
491 3388 521 3441 et
527 3388 622 3441 totum
630 3399 667 3440 ex
674 3380 774 3439 ordine
782 3381 918 3453 mensem,
932 3427 934 3434 .
