2250 4050
189 725 214 785 P.
243 727 474 786 VIRGILII
513 728 745 789 MARONIS

222 926 694 1009 GEORGICON

279 1208 407 1258 LIBER
427 1208 652 1259 SECUNDUS.

319 1492 606 1537 *-

261 1737 581 1798 GEORGICON
620 1738 660 1796 11.

132 1948 251 1991 icannns
265 1951 398 1992 arvorum
412 1934 515 2006 cultus,
529 1943 559 1992 et
573 1935 660 1993 sidera
673 1933 754 2008 coeli5

132 2048 204 2109 nete,
216 2040 338 2110 Bacche,
352 2059 463 2110 canam,
479 2058 533 2099 nec
546 2058 605 2098 non
618 2040 750 2098 silvestria
764 2048 860 2104 tecum

132 2142 208 2215 gnita,
226 2152 257 2201 et
268 2142 380 2218 prolem
398 2143 478 2200 tarde
490 2142 640 2201 crescentis
652 2143 744 2201 olivae.

132 2260 146 2313 2,
161 2257 270 2323 patero
283 2245 401 2303 Iaenaee!
422 2244 480 2303 tuis
491 2245 540 2303 hic
553 2244 651 2303 omnia
664 2245 749 2323 plena

132 2348 249 2407 neribus:
271 2347 326 2405 tibi
338 2346 491 2425 pampineo
505 2346 638 2425 gravidus
649 2348 803 2405 auitumno

132 2460 160 2508 'et
170 2470 246 2529 ager,
266 2450 379 2526 spumat
391 2450 484 2527 plenis
497 2448 642 2508 vindemia
654 2448 753 2507 labris:

132 2571 144 2624 t,
161 2564 241 2631 pater
253 2573 272 2611 0
284 2552 401 2610 laenaeal
423 2552 490 2610 veni
495 2577 504 2624 3
526 2552 690 2628 nudataque
703 2552 795 2609 musto

132 2675 179 2731 gne
191 2674 266 2715 novo
279 2674 395 2713 mecum
408 2652 532 2731 dereptis
544 2672 625 2711 crura
639 2653 797 2712 cothurnis.

132 2758 256 2836 rincipio‚
275 2756 422 2815 arboribus
436 2755 512 2814 varia
524 2754 565 2812 est
578 2763 679 2813 natura
692 2755 834 2813 creandis:

132 2880 199 2938 nque
212 2860 287 2931 aliae,
306 2858 394 2916 nullis
406 2857 558 2914 hominum
569 2856 747 2933 cogentibus,
760 2857 829 2936 ipsae

132 2974 171 3023 ate
182 2964 232 3022 sua
245 2962 375 3030 veniunt,
394 2979 566 3038 camposque
579 2971 608 3017 et
621 2960 743 3017 flumina
755 2960 814 3019 late

132 3086 160 3125 va
172 3077 286 3126 tenent:
308 3075 342 3122 ut
354 3064 442 3122 molle
457 3063 530 3133 filer,
549 3063 692 3139 lentaeque
710 3065 840 3142 genestae,
873 3099 875 3106 ·

132 3171 194 3242 ulus,
214 3180 246 3229 et
258 3168 361 3247 glauci
372 3166 503 3225 canentia
515 3166 618 3225 fronde
630 3165 736 3227 saliba.

132 3284 237 3334 ¹autem
247 3272 340 3351 polito
351 3269 474 3348 snrgunt
486 3269 522 3329 de
535 3268 661 3333 semine:
683 3279 721 3334 ni
731 3270 802 3335 aba.
