2250 4050
146 455 202 511 ru-
414 447 513 511 rru.
551 445 607 509 ιν.
825 430 912 522 '107

146 602 233 665 :visco
246 613 278 664 et
289 604 422 684 Phrygiae
434 607 547 667 serrant
558 606 624 685 pice
636 602 743 666 leutius
756 603 826 665 luae.
902 626 907 634 ·

146 720 190 785 epe
201 708 292 768 etium
304 708 418 779 effodis,
438 710 458 768 fi
472 722 539 769 vera
551 709 592 768 est
605 711 691 779 sama,
711 709 829 768 latebris

146 813 172 868 lb
182 812 256 870 terri
268 813 365 872 fovere
378 813 477 881 larem,
497 813 669 891 penitusque
681 822 800 890 reperto

146 914 332 992 uniclburque
343 915 421 974 euris
431 915 579 992 exesaeque
592 916 700 975 arboris
712 926 804 974 antro.

146 1015 164 1072 'u
175 1026 266 1076 tamen
278 1038 298 1077 e
309 1018 366 1077 levi
379 1017 482 1078 rimofi
495 1018 603 1078 cubilia
616 1019 687 1077 limo

146 1101 218 1197 lngue
229 1122 331 1181 fovens
340 1123 460 1190 circum,
471 1131 501 1180 et
511 1141 587 1181 rurus
598 1121 682 1200 super
691 1120 779 1199 injice
789 1119 908 1188 frondis.

146 1218 182 1279 leu
192 1224 306 1302 propius
320 1225 402 1284 tediis
414 1235 516 1284 taxum
528 1225 602 1297 fine3
625 1244 696 1284 neve
709 1226 838 1284 rubentis

146 1322 176 1382 lre
185 1327 246 1386 foco
258 1348 390 1401 caucros;
411 1329 478 1387 altae
490 1348 549 1387 neu
561 1328 645 1386 crede
657 1329 766 1405 paludi,

146 1440 177 1486 ut
186 1431 233 1489 ubi
246 1433 317 1491 odor
329 1431 405 1491 ooeui
418 1432 522 1508 gravis,
541 1441 592 1490 aut
605 1431 658 1489 ubi
670 1450 794 1490 concava
804 1431 889 1510 pulsu

146 1546 184 1590 ma
195 1533 305 1606 sonant,
317 1533 453 1611 vocisque
466 1533 574 1595 offensa
587 1535 705 1594 resultat
717 1536 825 1612 imago.
842 1572 844 1577 ·

159 1634 235 1696 Quod
254 1637 386 1716 superest,
406 1638 457 1696 ubi
475 1637 586 1716 pulsam
603 1638 729 1699 hiemem
745 1636 793 1699 Sol
806 1658 907 1699 aurem

223 1742 286 1820 egit

146 1843 173 1899 lb
184 1852 274 1916 terrae,
294 1847 459 1923 coelumque
471 1846 567 1905 aestivi
579 1847 644 1907 luce
657 1847 781 1917 reclusit,
832 1858 834 1865 '

148 1941 318 2009 lecentinuo
331 1949 417 2008 saltur
430 1949 567 2028 silvasque
579 1959 743 2028 peragrant,

146 2065 321 2132 urpureosque
333 2062 449 2112 metunt
461 2054 552 2122 flores,
572 2063 603 2112 et
615 2054 735 2113 flumina
747 2054 842 2115 libant
890 2071 894 2075 ’

146 2147 227 2217 'ummo
235 2159 327 2217 leves:
349 2150 428 2228 hino,
447 2158 543 2216 nescio
556 2158 613 2235 qul
626 2159 778 2218 dulcedine
790 2160 873 2231 laeloe,

146 2261 274 2335 ugeniem
288 2260 426 2337 nidosque
438 2260 554 2332 fovent3
576 2260 645 2319 hin'c
657 2271 718 2320 arte
732 2264 854 2322 receuti·

146 2355 260 2423 ludunt
273 2382 361 2435 oerm,
381 2373 412 2421 et
423 2364 509 2422 mella
522 2363 633 2423 tenacia
647 2364 772 2441 fingunt.

146 2456 197 2535 line,
207 2468 257 2527 ubi
266 2466 329 2547 jam
340 2466 472 2526 emissum
485 2466 578 2525 caveis
590 2468 627 2525 ad
640 2469 728 2528 srdera
740 2467 808 2527 coeli
895 2500 897 2505 ·

146 2559 189 2625 lare
198 2590 248 2648 per
259 2571 387 2629 aestatem
398 2570 539 2647 liquidam
550 2569 707 2648 suspexeris
719 2592 834 2649 agmen,

146 2665 323 2751 lbsmiamque
336 2672 411 2732 trahi
424 2682 510 2731 vento
523 2673 664 2732 mirabere
677 2677 794 2747 nubem,

147 2779 324 2856 ortemplator
331 2800 341 2850 ς
361 2796 449 2853 aquas
461 2776 564 2846 dulcis,
582 2786 612 2835 et
623 2776 743 2836 frondea
756 2779 867 2858 semper

146 2870 195 2937 'eila
207 2890 322 2958 petunt.
361 2881 430 2937 Huc
443 2888 476 2937 tu
484 2878 572 2957 jussos
585 2879 721 2958 adsperge
734 2880 854 2959 saporee,

146 2974 189 3040 lita
200 2982 391 3062 melisphylla,
412 2993 442 3041 et
453 2982 591 3041 cerinthae
604 2983 733 3060 ignobile
751 3003 897 3062 gramen3·

146 3076 299 3164 unitusque
309 3086 363 3158 cie,
372 3097 402 3144 et
410 3086 514 3145 Matris
525 3096 612 3163 quate
622 3090 754 3165 cymbala
765 3090 889 3151 circum:
948 3159 950 3163 ,

146 3185 179 3245 *sae
190 3191 338 3250 confident
349 3189 499 3248 medicatis
511 3189 625 3248 sedibus
628 3191 640 3263 ᾖ
658 3190 726 3269 ipsae

146 3291 212 3354 lina
224 3314 306 3355 more
318 3295 370 3353 suo
381 3292 439 3351 sese
451 3293 483 3351 in'
496 3294 639 3352 cunabula
653 3296 788 3356 condent.
801 3324 808 3334 r

147 3394 906 3479 Siuautem‘adpugnamexierinlj(namsepeduobus
1000 3470 1004 3478 ,
