2250 4050
201 465 241 519 20
442 457 750 528 BUCOLICA,
919 465 1006 528 v.73.

201 610 336 669 Saltantis
349 613 462 689 Satyros
474 613 638 671 imitabitur
651 613 865 690 Alphesiboeus.

203 715 277 772 I-laec
290 714 345 772 tibi
359 714 470 791 semper
483 726 578 786 erunt,
599 726 628 774 et
641 735 733 792 quum
747 714 899 772 sollemnia
912 726 979 772 vota

200 819 365 876 Reddemus
379 818 535 894 Nymphis,
556 829 586 876 et
599 838 689 894 quum
703 818 887 876 lustrabimus
902 837 994 893 agros.

201 921 282 978 Dum
291 918 362 997 juga
374 920 481 978 montis
494 940 571 998 aper,
592 921 695 978 fluvios
708 922 779 978 dum
792 920 878 997 piscis
891 921 1008 989 amabit,

201 1024 339 1099 Dumque
353 1024 454 1099 thymo
466 1023 618 1100 pascentur
628 1043 704 1099 apes,
726 1024 797 1081 dum
811 1040 876 1080 rore
889 1023 1007 1093 cicadae;

203 1126 320 1203 Semper
340 1126 439 1197 bonos,
466 1144 629 1202 nomenque
653 1138 746 1195 tuum,
772 1126 932 1201 laudesque
952 1145 1008 1184 ma-

281 1230 400 1295 nebunt.

201 1331 246 1390 Ut
258 1331 370 1391 Baccho
383 1332 547 1408 Cererique,
568 1332 623 1389 tibi
636 1332 674 1390 fic
687 1342 753 1390 vota
765 1333 935 1408 quotannis

202 1434 348 1511 Agricolae
360 1434 482 1507 facient3
504 1436 654 1492 damnabis
668 1444 702 1491 tu
714 1454 828 1512 quoque
838 1437 928 1495 votis.

543 1556 672 1596 uorsus.

205 1643 281 1700 Quae
296 1641 360 1710 tibi,
381 1659 445 1716 quae
458 1639 509 1696 tali
522 1641 641 1697 reddam
652 1659 705 1717 pro
715 1640 842 1698 carmine
855 1642 948 1700 dona!

203 1745 284 1806 Nam
297 1763 391 1821 neque
404 1762 451 1801 me
466 1752 579 1800 tanturn
592 1743 734 1800 venientis
747 1743 845 1800 fibilus
859 1745 957 1814 austri,

203 1847 407 1925 Neopercuffa
415 1845 517 1924 juvant
531 1846 621 1903 fludio
635 1857 694 1903 tam
707 1845 801 1912 litora,
815 1865 870 1904 nec
884 1867 950 1923 quae

204 1952 319 2009 Saxosas
330 1951 406 2009 inter
418 1951 576 2007 decurrunt
588 1948 709 2005 flumina
722 1948 820 2006 valles.

517 2072 691 2111 nauticas.
711 2124 713 2127 Α

203 2159 269 2217 Hac
283 2166 311 2215 te
325 2176 376 2215 nos
388 2156 487 2233 fragili
500 2156 671 2214 donabimus
683 2165 750 2212 ante
763 2157 877 2215 cicuta:

204 2262 277 2319 Haec
291 2279 351 2329 nos,
372 2259 539 2317 Formosum
550 2261 685 2336 Corydon
699 2260 817 2316 ardebat
830 2261 957 2320 Alexin:

203 2364 276 2422 Haec
289 2364 389 2421 eadem
403 2361 509 2432 docuit,
530 2360 638 2438 Cujum
650 2364 752 2438 pecus?
775 2381 811 2419 an
824 2364 979 2425 Meliboei?

544 2483 670 2521 uorsus.

102 2611 104 2615 »
203 2571 246 2627 At
261 2576 293 2625 tu
305 2566 386 2625 sume
398 2567 514 2643 pedum,
527 2567 614 2642 quod,
630 2585 679 2623 me
690 2586 782 2650 quum
794 2567 867 2644 saepe
881 2583 1005 2647 rogaret,

204 2671 275 2728 Non
289 2669 357 2727 tulit
370 2668 540 2745 Antigenes,
560 2684 591 2725 et
602 2678 663 2725 erat
677 2677 739 2726 tum
752 2669 857 2747 dignus
870 2675 974 2747 amari,

205 2775 370 2836 Formosum
381 2771 497 2849 paribus
510 2770 592 2829 nodis
604 2780 691 2847 atque
704 2790 768 2841 aere,
789 2774 932 2834 Menalca.
