2250 4050
133 447 237 500 r.415.
442 437 543 497 LlB.
583 436 624 496 11.
897 441 934 506 77

141 597 272 665 Caeditur,
293 594 456 672 incultique
469 604 583 653 exercet
597 612 664 652 cura
677 590 778 653 salisii.

145 700 199 774 Jam
211 699 317 757 vinsiae
329 698 420 756 vites:
438 697 500 774 jam
512 698 618 756 falcem
633 696 744 755 arbusta
758 701 901 772 reponunt
904 717 913 765 3

149 801 200 876 Jam
211 801 291 860 canit
304 810 448 859 extremos
461 794 564 858 effetus
576 799 683 857 vinitor
695 808 789 857 antes:

151 903 319 962 Sollicitando
332 913 430 962 tamen
444 903 535 972 tellus,
554 902 705 981 pulvisque
716 900 887 972 movendum

153 1004 181 1062 Et
186 1006 242 1083 jam
254 1006 375 1066 maturis
387 1007 557 1064 metuendus
570 1005 703 1083 Juppiter
714 1003 789 1062 uvis.

182 1111 291 1179 Contra,
308 1129 368 1168 non
381 1109 441 1167 ulla
453 1109 493 1167 est
505 1109 576 1166 oleis
588 1108 713 1179 cultura;
734 1124 827 1182 neque
838 1104 897 1163 illae

157 1209 307 1271 Procurvam
320 1211 485 1288 exspestaot
496 1211 602 1269 falcem
614 1210 769 1284 rastrosque
783 1218 904 1278 tenaces,

157 1312 241 1373 (ioum
252 1315 340 1374 semel
352 1314 495 1373 haeserunt
506 1314 590 1381 arvis,
609 1331 747 1388 aurasque
760 1312 897 1369 tulerunt.

90 1404 98 1481 i
155 1416 203 1494 Ipsa
214 1420 279 1478 satis
292 1419 386 1488 tellus,
406 1438 496 1496 quum
509 1419 596 1476 dente
608 1417 763 1477 recluditur
776 1435 859 1485 unco,

89 1516 98 1595 ξῖ
156 1519 251 1580 Sufficit
262 1523 424 1591 humorem,
442 1531 472 1579 et
484 1520 614 1598 gravidas
625 1540 693 1579 cum
706 1538 819 1578 vomere
830 1520 936 1595 fruges.

155 1619 207 1681 Hoc
218 1625 365 1702 pinguem,
378 1633 408 1682 et
420 1624 557 1703 placitam
569 1623 644 1693 Paci,
658 1623 781 1681 nutritor
793 1621 908 1679 olivam.

186 1727 264 1787 Poma
283 1746 409 1804 quoque,
429 1735 462 1784 ut
481 1727 608 1804 primum
628 1736 742 1783 truncos
763 1724 871 1782 sensere
888 1741 937 1782 va·

254 1830 350 1899 lentis,

154 1927 261 1992 Etvires
272 1934 400 2006 habuere
412 1932 483 2005 suas,
503 1933 540 1991 ad
553 1932 640 1992 sidera
650 1931 757 2008 raptim

154 2028 188 2090 vi
198 2037 305 2114 proprii
318 2035 460 2104 nituntur,
479 2036 599 2112 opisque
614 2036 692 2093 haud
704 2034 802 2111 indiga
815 2034 924 2092 nosirae.

188 2137 244 2197 Nee
256 2140 353 2198 miuus
366 2139 474 2198 interea
487 2139 551 2197 fetu
563 2159 663 2197 nemus
676 2158 762 2197 omne
772 2137 919 2215 gravescit,

89 2261 107 2318 ,ζ
159 2235 368 2318 sanguineisque
381 2241 489 2299 inculta
502 2244 606 2300 mbent
619 2241 725 2302 aviaria
738 2242 841 2300 baccis.

101 2329 109 2366 ἰ
157 2334 310 2403 Tondentur
323 2344 414 2422 cytisi,
434 2344 521 2402 taedas
534 2345 602 2402 filva
616 2345 671 2402 alta
684 2344 834 2413 ministrat,

89 2389 118 2524 qd
160 2436 353 2523 Pascunturque
366 2446 448 2523 ignes
461 2446 603 2516 memmi,
618 2458 648 2503 et
660 2447 770 2506 lumina
783 2446 919 2505 fundunt.

110 2531 117 2544 '¹
163 2538 193 2601 Et
206 2550 333 2609 dubitant
349 2549 479 2608 homines
495 2549 594 2618 serere,
615 2558 701 2625 atque
719 2550 874 2625 inpendere
888 2570 940 2608 cu-

88 2653 122 2729 al.
222 2656 297 2710 ram?
562 2720 566 2728 .

88 2739 128 2842 ,sd
167 2743 228 2811 Quid
240 2753 345 2831 majora
362 2752 481 2829 sequar?
503 2752 600 2811 salices
616 2753 796 2829 humilesque
809 2754 939 2829 genestae,

88 2898 109 2938 ,Μ
168 2846 214 2909 Aut
223 2855 276 2914 illae
287 2856 384 2934 pecori
397 2857 539 2924 frondem,
558 2866 608 2914 aut
621 2858 777 2934 pastoribus
790 2861 905 2916 umbras

88 2997 116 3040 m,
169 2944 309 3031 sufficione
331 2959 492 3035 saepemque
504 2958 580 3029 satis,
599 2971 629 3017 et
641 2961 745 3035 pabula
758 2961 853 3019 melli:

88 3102 113 3142 ,ἃ
171 3042 272 3128 Etjuvat
283 3062 442 3119 undantem
454 3062 532 3119 buxo
544 3049 668 3138 spedare
681 3064 831 3138 Cytorum,

88 3198 123 3243 ffi-
173 3143 336 3240 Naryciaeque
348 3163 420 3240 picis
432 3164 512 3221 lucos
517 3188 526 3235 3
544 3164 627 3240 juvat
640 3184 704 3222 arva
720 3166 815 3223 videre
922 3159 925 3163 ’

88 3283 138 3347 mm:
173 3244 222 3316 N⁰11
233 3266 328 3337 restria,
345 3265 501 3324 -hominum
514 3286 572 3324 non
585 3267 638 3324 ulli
651 3268 774 3328 obnoxia
788 3288 872 3329 curre.

87 3395 112 3450 q,
136 3399 140 3440 ς
175 3346 226 3427 ¹ssae
235 3367 365 3430 Caucasio
379 3368 484 3428 steriles
497 3368 528 3428 in
541 3370 646 3429 vertice
659 3370 743 3442 srlvae,
