2250 4050
298 667 381 743 AD
421 664 784 744 LECTOREM.

388 888 720 950 ‘—--·---

142 1112 251 1196 Ecce!
267 1134 429 1193 absolutum
443 1133 497 1194 tibi
510 1133 679 1212 promissum
693 1133 829 1206 nostrum,
843 1133 940 1195 ledor.

142 1237 242 1296 Prodit
259 1237 408 1314 Virgilius,
432 1237 598 1296 chartarum
617 1237 710 1295 nitore
730 1235 842 1296 summo
856 1233 943 1297 'lucu-

124 1341 249 1407 lentus,
277 1349 307 1396 et
325 1340 363 1397 ei
387 1349 521 1417 typorum
542 1339 764 1416 pulchritudine,
790 1360 854 1417 quae
875 1340 944 1399 tulit

142 1461 232 1500 omne
252 1442 392 1519 punitum
409 1439 606 1500 venulliorum
626 1442 776 1500 hominum
798 1442 830 1499 in
849 1442 943 1504 Hora·

143 1545 196 1602 tio.
226 1534 334 1603 Eadem
348 1545 405 1602 fuit
417 1545 552 1602 editionis
565 1542 681 1621 hujusce
695 1543 779 1616 ratio,
801 1544 854 1602 oili
865 1546 943 1621 qubd

144 1649 183 1706 ad
205 1648 317 1705 minora
340 1648 480 1724 poemata,
508 1645 722 1723 utplurimum
745 1644 826 1722 parvi
847 1646 942 1723 pretii,

143 1750 246 1808 multis
263 1744 443 1826 interpolata,
466 1758 497 1806 et
515 1749 650 1826 suspediae
670 1748 855 1820 audoritatis,
874 1767 943 1809 con-

139 1853 260 1932 jedturis
273 1852 390 1911 liberiirs
402 1851 614 1910 indulserimus.

182 1955 292 2034 Heynii
308 1954 474 2024 editionem,
499 1955 627 2047 Lundini
647 1959 740 2035 nuper
755 1965 943 2035 procuratam,

140 2061 175 2119 in
188 2061 335 2137 exemplar
347 2060 480 2118 adhibere
492 2062 570 2119 volui
574 2087 584 2134 3
605 2063 641 2121 ad
654 2062 735 2119 Fabii
750 2064 848 2121 tamen
861 2081 942 2121 men-

141 2172 213 2235 tem,
233 2164 309 2223 iustt.
323 2173 394 2223 orat.
407 2164 429 2224 i.
442 2172 470 2235 7.
491 2164 629 2258 ablativos
646 2165 727 2223 casus
739 2165 770 2223 in
783 2188 803 2223 a
814 2166 943 2225 desinen-

142 2281 186 2327 tes
204 2267 335 2346 angulari
355 2267 436 2344 apice
455 2268 580 2326 distinxi.
609 2268 703 2344 ,Quid
721 2268 797 2327 uitri
816 2269 943 2328 variave-

141 2372 210 2441 rim,
237 2380 340 2447 praeter
359 2370 572 2447 diligentiorem
593 2372 863 2449 interpunbtionem,
890 2392 942 2431 no-

141 2474 212 2531 tulae
229 2473 331 2550 saepius
347 2472 544 2531 declarabunt:
567 2474 726 2550 inquibus,
746 2474 815 2534 citra
828 2474 942 2534 violatae

140 2577 270 2635 veritatis
284 2575 404 2644 crimen,
417 2576 524 2653 poffem
537 2577 689 2647 affirmare,
702 2586 732 2635 et
745 2579 780 2636 ad
794 2579 942 2637 dubiorum

139 2680 297 2738 sententias
315 2696 477 2755 provocare,
497 2679 579 2755 plura
592 2679 647 2737 effe
660 2680 764 2739 redtibs
779 2680 941 2752 constituta,

139 2783 230 2841 etidm
242 2782 304 2859 post
316 2788 359 2838 tot
369 2781 545 2839 eruditorum
557 2783 710 2841 homiuum
721 2782 941 2854 lucubrationes,

140 2888 230 2962 quim
246 2885 279 2942 in
291 2884 462 2960 quibusdam
480 2884 655 2944 editionibus
667 2907 774 2965 magno
792 2888 942 2947 molimine

140 2988 280 3065 vulgatis,
302 2986 356 3044 nifi
375 2987 486 3050 lettoris
505 2988 653 3065 integrum
672 2988 817 3067 judicium
837 2989 941 3065 subire,

138 3102 169 3149 et
183 3092 278 3149 facere
290 3092 375 3159 bona,
395 3091 481 3165 quim
495 3090 670 3166 promittere,
683 3092 844 3154 maluerim.

179 3194 329 3252 Hattenbs
353 3194 453 3250 autem
478 3192 663 3253 severioribus
683 3196 845 3275 bibliopolae
870 3199 945 3277 legi·

137 3300 202 3371 bus,
216 3305 298 3357 notas
308 3295 381 3357 mihi
394 3296 481 3375 quam
496 3296 674 3365 breviffimas
691 3300 896 3385 imnonentis,
911 3304 974 3364 ob·
