2250 4050
171 472 212 529 44
408 468 741 537 GEORGICON,
882 459 946 530 eii.

171 624 246 694 Illic,
267 618 396 684 officiant
408 627 483 688 laetis
495 646 533 686 ne
546 624 679 705 frugibus
692 625 803 696 herbae5
874 698 876 705 Α

171 727 239 798 Hic,
254 721 378 787 sterilem
389 730 513 807 exiguus
527 749 563 788 ne
576 730 686 789 deserat
698 726 803 786 humor
815 740 924 786 arenam.

170 829 302 889 Alternis
313 830 392 889 idem
406 832 500 891 tonsas
512 833 615 891 cetiare
629 830 746 900 novalis,

170 932 209 991 Et
222 932 338 1009 segnem
352 933 461 1011 patiere
473 935 528 993 fitu
541 932 688 993 durescere
701 950 846 1010 campum.

170 1035 234 1093 Aut
246 1035 289 1093 ibi
302 1036 376 1094 flava
390 1034 471 1106 seres,
491 1045 603 1095 mutato
616 1036 713 1104 fluere,
733 1034 820 1103 farra,

170 1137 258 1195 Unde
271 1138 350 1215 prius
363 1139 463 1197 iaetum
476 1139 579 1215 siliqua
591 1138 738 1215 quatiante
751 1137 893 1214 legumen,

169 1240 233 1298 Aut
247 1241 340 1299 tenuis
353 1242 430 1301 fetus
442 1242 533 1310 viciae,
555 1241 697 1317 tristisque
710 1238 806 1317 lupini
909 1259 912 1276 ¹

168 1342 318 1402 Sustueris
331 1344 447 1422 fragiles
461 1346 585 1403 calamos
598 1344 754 1418 silvamque
767 1340 916 1400 sonantem.

169 1444 240 1503 Urit
253 1445 332 1503 enim
344 1445 546 1525 liuieampum
558 1445 648 1523 seges,
668 1445 727 1503 urit
740 1462 854 1516 avenae3

168 1548 270 1606 Urunt
283 1549 400 1607 lethaeo
413 1549 528 1626 perfusa
540 1566 681 1626 papavera
693 1545 803 1605 somno.

171 1651 227 1710 Sed
240 1661 336 1710 tamen
349 1652 466 1711 alternis
479 1652 573 1711 facilis
585 1653 680 1712 labor:
703 1651 782 1709 arida
795 1657 904 1709 tantum

169 1756 219 1815 Ne
232 1757 440 1815 saturare'fimo
453 1756 556 1834 pingui
569 1756 675 1834 pudeat
688 1755 761 1826 sola3
784 1772 857 1813 neve

170 1858 279 1918 Effetos
292 1859 418 1918 cinerem
431 1858 604 1917 inmundum
613 1857 720 1934 jauare
732 1875 785 1934 per
797 1875 887 1934 agros.

170 1960 218 2020 Sic
231 1961 477 2037 quoque-mutatis
490 1960 673 2038 requiescunt
686 1960 794 2017 fetibus
807 1976 884 2017 srva:

168 2064 235 2123 Nec
248 2064 327 2122 nulls
339 2064 448 2123 interea
461 2063 501 2122 est
512 2064 630 2123 inaratae
643 2062 736 2140 gratis
750 2072 842 2119 terrae.

170 2167 251 2244 Saepe
264 2166 352 2225 etiam
366 2166 465 2225 sterilis
478 2166 629 2225 incendere
641 2165 752 2243 profuit
764 2181 855 2243 agros,

170 2270 270 2346 Atque
281 2269 375 2328 levem
386 2269 518 2347 stipulam
528 2269 737 2347 crepitantibus
744 2285 829 2326 urere
835 2262 956 2326 flammis

171 2371 236 2430 Sive
249 2371 317 2430 inde
329 2371 454 2430 ocmsltas
467 2372 550 2442 vires,
563 2380 594 2430 et
606 2372 710 2449 pabula
724 2379 806 2429 terrae

171 2475 293 2551 Pinguia
306 2475 489 2551 concipiunt3
512 2474 568 2532 five
581 2474 640 2532 iliis
652 2491 738 2531 omne
750 2492 802 2551 per
814 2472 909 2551 ignem

171 2577 351 2653 Excoquitur
363 2577 477 2647 vitium,
498 2587 584 2653 atque
596 2576 716 2634 exsudat
728 2573 842 2635 inutilis
854 2576 954 2634 tumn:

171 2681 227 2739 Seu
239 2681 329 2757 pluris
341 2680 418 2739 calor
431 2679 480 2738 ille
491 2680 554 2737 viss
568 2690 598 2737 et
609 2697 684 2737 coeca
697 2678 808 2737 relaxat

171 2784 359 2860 spiramenta,
380 2801 466 2841 novas
479 2782 577 2842 veniat
589 2783 648 2858 qui
660 2782 759 2840 succus
771 2782 803 2839 in
817 2781 925 2849 herbss3

171 2885 227 2945 seu
240 2887 325 2944 durat
336 2884 437 2962 magis,
457 2894 488 2943 et
500 2904 585 2943 venas
599 2884 748 2961 adstringit
760 2884 882 2943 hiantis:

171 2987 221 3048 Ne
234 2999 334 3046 tenues
346 2986 461 3063 pluviae,
481 2986 611 3063 rapidive
624 2987 753 3064 potentia
766 2987 834 3046 solis

171 3090 285 3160 Acrior,
305 3099 356 3148 aut
367 3091 465 3148 Boreae
477 3089 655 3167 penetrabile
667 3089 759 3167 frigus
771 3091 881 3149 adurat.

172 3192 396 3263 Multum-adeo,
418 3191 510 3251 rastris
521 3192 624 3268 'glebas
637 3191 688 3268 qui
700 3192 810 3269 frangit
821 3190 926 3259 inertis,

172 3295 378 3371 vimineasque
391 3294 479 3353 trahit
491 3302 591 3363 crates,
597 3293 679 3371 juvat
690 3299 755 3352 arta
762 3317 771 3367 ς
786 3313 879 3372 neque
888 3292 958 3352 ulum

173 3398 259 3462 Flava
272 3396 910 3477 Ceretaltonequidquam··spettst015mpo;
953 3419 956 3425 ·
