2250 4050
146 472 164 511 r.
176 458 247 524 207.
440 454 540 511 LIB.
581 454 635 511 111.
899 458 936 522 91

146 609 268 687 [agentis
281 610 386 668 tollent
398 611 515 680 animoa,
534 610 684 688 prensique
696 610 845 685 negabunt

146 713 263 771 Verbera
275 713 356 771 lenta
367 713 437 791 pati,
456 724 486 772 et
499 714 577 771 duris
589 730 687 790 parere
700 712 813 789 lupatis.

177 816 232 874 Sed
245 834 304 873 non
316 815 378 873 ulla
390 816 481 892 magis
493 817 566 874 vires
579 813 714 872 industria
727 813 831 881 firmat,

147 917 239 976 Quam
251 918 398 975 Venerem
409 928 440 975 et
451 918 519 975 caeci
533 917 660 974 stimulos
675 924 801 974 avertere
812 914 924 983 amoris,

150 1019 203 1101 Sive
215 1022 316 1090 boum,
336 1020 393 1078 five
406 1020 446 1077 est
458 1021 506 1077 cui
519 1020 627 1097 gratior
639 1019 706 1076 usus
718 1037 867 1095 equorum.

151 1122 238 1199 Atque
249 1122 317 1180 ideo
329 1131 426 1181 tauros
438 1122 537 1199 procul
550 1131 637 1196 atque
649 1122 680 1178 in
693 1121 751 1178 sola
763 1120 893 1197 relegant

153 1223 252 1294 Pascua,
271 1224 334 1302 post
346 1234 475 1282 montem
490 1223 660 1301 oppositum,
679 1233 710 1281 et
723 1233 799 1280 trans
816 1222 936 1282 flumina

215 1329 288 1399 lata5
918 1332 920 1337 ’

158 1428 204 1487 Ant
214 1431 291 1488 intuo
303 1429 413 1488 clausos
425 1429 517 1488 satura
530 1431 566 1488 ad
578 1429 712 1507 praesepia
724 1429 844 1488 servant.

160 1529 241 1609 tarpit
251 1533 331 1591 enim
343 1533 417 1590 viror
429 1532 588 1610 paullatim,
608 1532 723 1609 uritque
737 1534 870 1604 videndo,

161 1629 274 1707 Femina3
307 1654 362 1693 nec
383 1654 534 1693 nemorum
558 1635 667 1711 patitur
688 1635 854 1704 meminisse,
882 1654 935 1692 nec

189 1776 191 1781 ·
218 1738 321 1798 herbae.

164 1833 279 1899 ibicibus
292 1841 344 1899 illa
357 1840 475 1917 quidem
487 1840 637 1899 inlecebris
650 1850 681 1899 et
694 1842 766 1917 saepc
779 1839 912 1917 superbos

164 1936 282 2009 Cornibus
293 1944 372 2001 inter
384 1942 413 2001 se
425 1943 532 2019 subigit
544 1944 694 2001 decernere
707 1942 838 2001 amantia.

164 2037 264 2105 Pascitur
276 2048 309 2105 in
322 2046 428 2122 magnit
440 2046 508 2103 filva
520 2046 642 2105 formosa
650 2046 786 2123 juvenca:

166 2139 197 2201 lli
206 2150 372 2208 alternantes
384 2148 477 2207 multa
489 2150 517 2207 vi
530 2149 629 2225 proelia
642 2148 763 2207 miscent

166 2240 316 2315 Vulneribus
328 2252 449 2323 crebris3
470 2251 541 2310 lavit
553 2262 615 2310 ater
626 2272 742 2329 corpora
756 2253 883 2330 sanguisr

165 2342 285 2431 Versaqne
297 2356 329 2412 in
342 2356 463 2412 obnixos
474 2363 637 2431 urguentur
649 2374 755 2413 cornua
768 2356 844 2414 vasto

166 2447 223 2513 Cum
231 2459 352 2534 genitu:
367 2460 486 2515 reboant
496 2458 628 2533 sllvaeque
635 2466 665 2516 et
674 2457 776 2534 longus
785 2458 935 2536 Olympus.

167 2548 212 2617 Nec
222 2579 279 2621 mos
290 2562 424 2620 bellantis
435 2579 493 2619 una
507 2562 658 2633 stabulare3
680 2560 729 2619 sed
741 2562 812 2620 alter

166 2650 243 2722 Visus
254 2666 324 2734 abit,
345 2664 488 2740 longeque
499 2663 606 2740 ignotis
618 2663 729 2722 exsulat
742 2664 806 2732 oris,

167 2752 239 2823 Multa
251 2785 368 2845 gemens
380 2766 577 2843 ignominiam,
591 2766 745 2843 plagasque
758 2765 871 2843 superbi

166 2854 272 2939 beorn,
293 2879 366 2938 tum,
388 2887 458 2944 quos
471 2868 695 2937 amifitinultus,
715 2888 833 2937 amores,

168 2955 194 3017 Εῒ
203 2968 298 3029 stabula
311 2970 475 3047 adspectans
487 2970 583 3047 regnis
598 2971 713 3030 exceffit
726 2972 819 3030 avitis.

168 3057 224 3143 Ergo
234 3075 309 3132 omni
321 3075 392 3131 curi
404 3072 477 3131 vires
489 3083 611 3141 exercet,
631 3083 662 3131 et
674 3068 750 3132 inter

168 3158 227 3230 Dum
235 3174 306 3252 jacet
318 3195 428 3254 pernox
439 3176 558 3236 instrato
571 3176 637 3235 saxa
649 3176 748 3244 cubili,

169 3260 299 3338 Frontibus
312 3280 427 3338 hirsutis
438 3288 468 3338 et
480 3280 572 3338 carice
584 3279 677 3357 pastus
689 3279 786 3351 acuti;

171 3362 197 3425 Et
205 3383 284 3441 tentat
295 3382 362 3456 sese,
381 3390 469 3458 atque
480 3382 561 3442 irasci
576 3384 607 3441 in
619 3402 725 3443 cornua
737 3382 820 3443 discit
