2250 4050
210 456 272 508 254·
474 447 755 518 AENEIDOS,
912 450 1007 516 v.174.

215 605 389 682 Velatasque
402 624 508 677 comas,
525 606 734 684 presentiaque
746 624 797 664 ora
809 604 940 665 videbar:
955 669 957 675 ¹

214 709 294 770 Tum
309 710 422 786 gelidus
434 718 497 767 toto
509 711 646 768 manabat
658 726 778 785 corpore
789 708 889 782 sudor)

215 812 355 890 Conripio
367 832 385 870 e
396 813 488 870 stratis
500 832 611 890 corpur,
632 813 778 888 tendoque
790 810 906 888 supinas

215 916 266 974 nd
279 915 385 973 coelum
398 934 467 972 cnm
480 934 551 974 voce
564 933 675 984 manus,
694 923 725 972 et
738 933 860 973 munera
873 914 931 973 libo

215 1019 391 1077 Intemerata
404 1017 486 1076 focis.
526 1018 655 1076 Perfeeto
667 1018 750 1075 latus
763 1018 883 1088 honore,

216 1120 365 1180 Anchisen
378 1119 456 1178 facio
468 1128 590 1191 certum,
611 1138 730 1196 remque
743 1119 846 1178 ordine
859 1119 957 1199 pando.

214 1222 348 1300 Agnovit
365 1222 476 1299 prolem
488 1223 664 1300 ambiguam,
679 1222 870 1300 geminosque
882 1217 1001 1300 parentius

217 1326 311 1401 Seque
324 1345 399 1384 novo
412 1338 543 1384 veterum
556 1327 711 1403 deceptum
724 1344 819 1384 errore
832 1326 964 1384 locorum.

216 1431 297 1488 Tum
309 1438 464 1488 memorat:
486 1429 576 1499 Nate,
596 1428 690 1487 Iliacis
703 1428 832 1487 exercite
844 1428 921 1498 fatis,

218 1533 283 1593 Sola
297 1532 371 1591 mihi
385 1532 449 1591 talis
462 1532 541 1590 casus
554 1531 708 1590 Caffandra
720 1532 853 1589 canebat.

217 1626 249 1696 N
253 1656 309 1695 unc
319 1645 426 1713 repeto,
440 1635 503 1693 haec
514 1635 613 1712 generi
623 1634 793 1711 portendere
803 1633 902 1693 debita
914 1630 1003 1697 nostru

219 1739 258 1798 Et
270 1739 344 1816 saepe
357 1737 537 1814 Hesperiam,
557 1739 631 1814 saepe
644 1737 718 1795 Itala
731 1754 831 1814 regna,
844 1755 951 1797 vocare.

218 1843 276 1902 Sed
288 1842 354 1918 quia
366 1843 402 1900 ad
416 1840 565 1918 Hespetiae
576 1849 711 1898 venturos
721 1838 807 1898 litora
818 1840 946 1899 Teucros
958 1906 960 1911 y

219 1946 374 2004 Crederet?
389 1953 439 2003 ant
451 1962 540 2020 quem
552 1952 617 2001 tum
626 1952 705 2001 vates
714 1942 871 2002 Caffandra
880 1935 1006 2001 moveret?

219 2050 364 2108 Cedamus
378 2048 494 2117 Phoebo,
513 2056 543 2104 et
555 2046 661 2105 moniti
676 2046 797 2115 meliora
808 2045 970 2123 sequamur.

220 2153 267 2210 Sic
280 2151 334 2223 ait;
356 2160 387 2209 et
399 2149 497 2209 cundi
510 2149 587 2207 dioto
599 2167 733 2226 paremus
746 2157 874 2207 ovanter.

220 2255 306 2313 Hanc
319 2272 434 2331 quoque
447 2252 602 2311 deserimus
612 2251 719 2322 sedem,
737 2252 896 2330 paucisque
908 2246 1002 2311 relidit

219 2357 293 2416 Vela
304 2359 414 2427 damus,
423 2354 590 2430 vastumque
599 2354 668 2412 cavi
679 2356 760 2413 trabe
768 2355 911 2414 currimns
920 2366 1011 2431 aeqnor.

259 2459 410 2536 Postquam
422 2459 515 2517 altum
528 2467 646 2515 tenuere
659 2466 743 2529 rates,
763 2476 818 2515 nec
827 2456 892 2535 jam
903 2454 1012 2535 ampliu

336 2562 404 2620 ullae

220 2666 369 2744 Adparent
380 2675 471 2733 terre,
479 2663 586 2722 coelum
593 2662 723 2739 undique
732 2670 763 2720 et
771 2661 902 2740 undique
911 2672 1013 2741 pentura

218 2771 297 2829 Turn
310 2768 385 2827 mihi
397 2767 535 2828 caeruleus
548 2766 631 2844 supra
644 2775 732 2843 caput
743 2764 856 2823 adstitit
867 2766 970 2837 imber,

218 2874 345 2933 Nobtem
358 2870 543 2946 hiememque
556 2869 666 2941 ferens;
687 2877 718 2926 et
731 2867 881 2927 inhorruit
894 2870 970 2928 undu
980 2874 1013 2924 te

336 2973 441 3034 nebris.

218 3078 368 3138 Continuo
380 3074 460 3134 venti
473 3074 595 3134 volvunt
612 3092 700 3144 mare,
721 3091 888 3151 magnaque
905 3073 1013 3151 surgrnt

218 3183 359 3258 AEquora.
400 3173 526 3255 Dispersr
535 3176 677 3254 janiamur
688 3178 805 3254 gurgite
816 3178 903 3237 vasto.

215 3284 367 3345 Involvere
378 3282 457 3339 diem
470 3280 573 3350 nimbi,
593 3288 624 3337 et
637 3297 697 3337 nox
708 3278 830 3338 humida
840 3280 948 3351 omium

210 3389 366 3467 Abstu1n3
389 3382 589 3466 ingeminant,
607 3380 882 3456 abrupinnubibur,
898 3382 985 3458 ignea.
