2250 4050
102 466 132 507 v.
144 456 211 521 809.
413 451 471 511 Ll
479 453 513 511 B.
552 452 609 511 111.
848 458 907 522 259

104 605 240 677 Labitur3
263 613 294 664 et
305 606 393 684 longo
405 608 456 666 vix
469 610 586 668 tandem
599 618 728 685 tempore
740 608 832 665 fatur:

104 705 219 764 Verane
232 716 262 765 te
275 708 371 778 facies,
391 730 473 768 verus
486 711 559 768 mihi
573 712 691 769 nuntius
705 711 806 779 adfers,

105 807 183 867 Nate
196 811 268 868 dea?
289 811 416 869 vivisne?
437 821 496 883 aut,
517 814 538 870 s1
551 814 603 871 lux
616 812 691 870 alma
704 812 823 882 recellit,

106 911 215 969 Hector
227 912 279 970 ubi
292 913 348 971 est?
370 914 455 987 dixit,
474 914 662 992 lacrimasque
674 914 787 983 effudit,
800 922 831 971 et
843 932 905 971 om·

182 1035 251 1074 nem

106 1115 234 1194 Inplevit
246 1120 371 1178 clamore
384 1121 490 1179 locum.
529 1122 590 1178 Vix
603 1140 693 1198 pauca
706 1119 815 1178 furenti

106 1219 242 1298 Subjicio‚
265 1232 295 1279 et
307 1223 376 1280 raris
389 1225 518 1281 turbatus
532 1224 649 1282 vocibus
662 1224 758 1281 hisco:

107 1319 180 1381 Vivo
193 1323 339 1399 equidem,
349 1325 496 1401 vitamque
507 1335 633 1384 extrema
646 1345 698 1403 per
709 1326 806 1384 omnia
819 1327 902 1384 duce.

107 1424 153 1484 Ne
165 1425 283 1483 dubita:
306 1446 375 1485 nam
386 1446 452 1486 vera
464 1429 553 1487 videa.

107 1527 186 1586 Heu!
210 1529 276 1605 quir
288 1529 416 1599 tecasua,
437 1529 573 1607 dejectam
586 1530 709 1608 conjuge
722 1539 811 1600 tanto,
887 1571 892 1578 -

108 1628 241 1708 Excipit?
262 1640 312 1688 aut
324 1651 389 1708 quae
402 1632 489 1708 digna
501 1633 569 1690 satis
581 1634 706 1691 Fortuna
720 1633 832 1691 revifit?

108 1730 240 1792 Hectoris
252 1734 463 1806 Andromache,
480 1735 608 1811 Pyrrhin’
621 1735 763 1794 connubia
775 1734 883 1793 servas?

107 1832 220 1912 Dejecit
234 1837 354 1906 voltum,
374 1846 404 1894 et
417 1837 534 1895 domitta
546 1857 616 1896 voce
628 1839 724 1896 locuta
735 1833 796 1896 esti

106 1935 130 1994 Ο
143 1937 220 1996 felix
233 1956 291 1995 una
303 1948 370 1998 ante
383 1939 452 1997 aliar
465 1939 605 1997 Priameia
617 1939 707 2016 virgo,

105 2037 249 2099 Hostilem
263 2042 298 2099 ad
311 2042 456 2100 tumulum
468 2040 562 2119 Trojae
577 2042 630 2100 sub
643 2043 786 2101 moenibua
798 2042 864 2102 altir

101 2141 181 2217 Juffa
193 2144 279 2212 mori,
298 2162 362 2219 quae
374 2144 488 2201 sortitus
501 2164 559 2202 non
572 2144 692 2221 pertulit
704 2146 785 2213 ullor,

100 2242 131 2305 N
131 2266 167 2308 ec
181 2246 297 2304 νὶἂοῐίε
310 2245 371 2304 heri
383 2246 480 2322 tetigit
491 2246 603 2322 captiva
616 2247 724 2305 cubile!

97 2345 130 2408 N
131 2371 176 2419 os,
196 2349 291 2425 patria
303 2348 426 2418 incensi,
446 2349 554 2407 diversa
567 2368 618 2426 per
630 2369 743 2425 aequora
755 2352 852 2421 vetiae,

97 2450 206 2529 Stirpis
220 2451 359 2509 Achilleae
370 2452 466 2521 fastus,
481 2450 679 2530 juvenemque·
687 2454 848 2531 superbum,

96 2553 229 2614 servitio
241 2553 342 2623 enixae,
362 2553 495 2611 tulimus:
518 2553 570 2629 qui
583 2555 696 2623 deinde,
715 2556 826 2616 secutus

97 2656 241 2717 Ledaeam
260 2655 459 2724 Hermionem,
481 2657 768 2734 Lacedaemoniosque
787 2660 899 2737 Hyme-

181 2778 268 2828 naeos,

95 2859 154 2922 Me
166 2862 280 2920 famulo
292 2860 489 2938 famulamque
497 2862 610 2921 Heleno
624 2865 779 2923 transmisrt
792 2864 899 2923 haben-

136 3021 139 3026 .
181 2966 257 3022 dam.

96 3069 154 3129 Ast
167 3068 262 3137 illum,
282 3076 387 3144 ereptae
399 3086 506 3143 magno
517 3066 712 3126 inflammatus
725 3088 821 3127 amore

96 3169 252 3248 conjugis,
273 3181 301 3228 et
314 3170 451 3228 scelerum
465 3169 557 3227 Furiis
570 3170 703 3245 agitat-us,
723 3172 836 3231 Orestes
882 3212 885 3216 ›

98 3272 221 3351 Excipit
232 3274 391 3341 incautum,
410 3272 571 3357 patriasque
583 3274 735 3331 obtruncat
747 3275 783 3332 ad
796 3294 866 3334 arar.

98 3376 200 3440 Morte
215 3375 398 3453 Neoptolemi
412 3392 567 3451 regnprum
580 3374 689 3433 reddita
703 3376 781 3435 ceffit
