2250 4050
169 482 231 534 250
438 475 719 545 AENEIDOS,
890 483 963 548 v.70.

169 629 251 689 Dant
268 630 371 701 maria,
389 639 419 690 et
436 633 502 693 lene
521 635 665 712 crepitans
677 642 766 694 vocat
782 632 875 692 auster
890 631 963 690 inal-

249 741 323 804 tum,

108 909 110 913 Ι
170 836 334 894 Deducunt.
341 836 412 896 socii
424 840 515 910 navis
534 849 565 900 et
576 840 661 900 litora
674 840 824 917 conplent.

171 940 361 1000 Provehimur
373 950 459 1018 portu
464 967 473 1014 3
494 953 644 1020 terraeque,
660 946 816 1021 urbesque,
830 943 961 1001 recedunt.

190 1069 192 1072 ·
212 1045 296 1101 Sacra
307 1043 381 1102 mari
393 1045 499 1104 colitur
511 1047 608 1106 medio
621 1047 778 1125 gratiffima
791 1047 875 1105 tellus

172 1146 336 1206 Nereidum
348 1147 446 1218 matri,
465 1158 496 1207 et
508 1149 649 1227 Neptuno
661 1151 784 1227 AEgaeo:

170 1252 274 1331 'Quam
286 1250 352 1328 pius
364 1253 546 1325 Arcitenens,
567 1273 631 1313 oras
644 1263 674 1312 et
685 1254 773 1313 litora
785 1255 895 1313 circum

172 1357 334 1425 Errantem,
355 1357 451 1433 Gyaro
463 1357 538 1416 celld
551 1359 739 1436 Mycouoque
752 1358 888 1427 revinxit,

174 1461 377 1537 lumotamque
389 1460 447 1518 ooli
460 1460 550 1532 dedit,
571 1470 601 1520 et
613 1472 800 1520 contemnere
813 1470 920 1519 ventos.

174 1565 244 1623 Huc
256 1563 344 1635 feror3
366 1563 429 1622 haec
441 1564 525 1623 seffor
536 1573 602 1623 tuto
613 1563 802 1642 placidiffima
815 1575 900 1641 portu

172 1668 306 1747 Adcipit.
347 1667 454 1745 Egreffi
467 1687 638 1728 veneramur
649 1668 797 1746 Apollinis
808 1670 916 1726 urbem.

172 1774 239 1835 Rex
250 1772 355 1843 Anius,
375 1790 427 1831 rex
443 1771 523 1830 idem
541 1772 695 1831 hominnm
713 1770 874 1848 Phoebique
890 1770 962 1829 sacer·

179 1919 183 1927 .
254 1877 316 1946 dos,

175 1979 269 2039 Vittis
282 1988 313 2038 et
324 1978 403 2039 sacra
416 1976 568 2037 redimitus
580 1985 710 2057 tempora
722 1977 816 2045 lauro,

174 2081 328 2143 Occurrit:
351 2090 480 2142 veterem
493 2080 641 2140 Anchisen
654 2080 786 2157 agnoscit
798 2079 929 2138 amicum.

176 2186 332 2266 Jungimus
344 2184 468 2263 hospitio
480 2185 605 2255 dextras,
625 2193 656 2241 et
669 2183 743 2241 tecla
755 2181 895 2241 subimus.

175 2290 298 2367 Templa
312 2289 358 2347 dei
372 2288 440 2347 saxo
451 2289 608 2346 venerabar
619 2286 721 2346 structa
735 2287 863 2345 vetusto:

177 2391 225 2451 Da
231 2391 387 2470 propriam,
392 2391 576 2467 Thymbraee,
585 2390 718 2461 domum;
731 2390 768 2447 da
778 2389 888 2448 moenia
897 2385 970 2453 fellis,

178 2497 217 2554 Et
227 2515 328 2573 genus,
342 2504 371 2553 et
382 2494 546 2553 mansuram
556 2496 669 2552 urbem.
689 2495 776 2552 Serva
785 2494 878 2553 altera
888 2490 970 2567 Troja

178 2600 324 2675 Pergama,
338 2598 471 2674 reliquias
480 2598 625 2668 Daualrm,
636 2605 723 2673 atque
735 2596 851 2655 inmitis
862 2592 970 2656 Achilli.

179 2703 280 2761 Quem
292 2701 455 2779 sequimur?
476 2719 570 2777 quove
581 2700 624 2758 ire
632 2698 736 2777 jubes?
756 2701 809 2757 nbi
821 2720 927 2778 ponere
937 2696 970 2756 se·

257 2806 323 2863 des?

179 2910 236 2979 Da,
255 2918 345 2986 pater,
364 2906 532 2984 augurium,
553 2914 640 2982 atque
661 2904 764 2964 animis
777 2904 908 2965 inlabere
920 2901 970 2963 nos·

258 3013 318 3071 tria.

217 3116 278 3174 vix
291 3135 325 3174 ea
337 3115 413 3174 fatus
425 3133 516 3186 eram;
538 3120 659 3172 tremere
672 3112 770 3171 omnia
785 3112 844 3171 visa
858 3119 970 3191 repente,

179 3217 361 3295 Limiuaque‚
381 3218 534 3293 laurusque
546 3216 609 3287 dei,
630 3224 765 3292 totusque
776 3216 890 3275 moveri

175 3320 268 3384 Mons
280 3319 403 3391 circum,
421 3330 453 3379 et
462 3318 577 3397 mugire
589 3318 682 3396 adytis
694 3318 807 3377 cortina
819 3319 939 3379 reclufis.

168 3428 316 3495 Submiffi
330 3428 463 3512 petimur
473 3435 598 3491 terram,
613 3430 718 3479 ernon
729 3421 822 3477 textui
831 3424 873 3477 au
879 3422 959 3478 nuris.
