2250 4050
147 454 205 525 207.
419 452 519 514 ΜΒ.
559 448 585 512 1.
845 454 906 525 197

145 607 251 684 rplorare
263 627 367 681 novom
394 629 464 688 quaa
476 618 566 669 vento
578 605 725 669 adcefferit
738 624 810 675 oras,

145 709 295 781 uiteneant,
306 731 376 771 nam
386 713 496 772 inculta
503 713 592 781 ridet,
602 711 771 770 hominesne
785 709 900 781 feraene,

145 830 235 873 terere
247 815 406 884 constituit,
425 815 567 893 sociisque
579 813 678 872 exeita
691 812 806 872 referre.

145 916 218 977 asem
231 918 264 976 in
277 936 408 977 convexo
420 937 582 988 nemorum,
603 916 656 975 sub
668 934 740 993 rupe
752 915 862 983 cavati,

145 1020 257 1080 'boribus
269 1021 398 1080 clausum
410 1021 521 1080 ciroum
534 1029 623 1096 atque
638 1016 822 1076 horrentibus
834 1034 900 1076 um·

176 1122 243 1195 bria,

145 1227 229 1285 pulit:
251 1226 313 1306 ipse
325 1246 386 1286 nno
399 1227 529 1305 graditur
541 1226 695 1286 comitatus
708 1225 840 1295 Achate3

146 1348 171 1388 ra
181 1348 271 1389 manu
284 1332 344 1389 lato
356 1331 481 1408 crispans
493 1330 605 1389 hastilia
620 1329 704 1387 ferro.

146 1431 159 1490 ri
171 1443 261 1493 meter
272 1433 369 1492 medii
382 1432 440 1492 sese
453 1432 522 1491 tulit
536 1430 620 1490 obvia
635 1431 712 1500 silva,

146 1538 227 1615 rginia
238 1557 271 1596 oa
283 1537 475 1614 habitumque
488 1555 599 1614 gerens,
619 1544 650 1593 et
662 1534 783 1613 virginio
796 1552 874 1594 arma

146 1652 257 1700 artanae:
280 1641 326 1699 vel
340 1641 434 1718 qualia
447 1659 534 1718 equos
546 1639 678 1698 Thaitsa
691 1639 798 1717 fatigat

146 1745 270 1822 rrpalyoe,
277 1743 481 1820 volucremque
492 1743 561 1819 fugi
569 1741 750 1820 praevertitur
758 1743 901 1804 Hebrum.

146 1849 234 1923 unque'
247 1845 375 1905 humeris
385 1846 421 1904 de
431 1863 510 1904 more
519 1845 649 1903 habilem
659 1843 842 1922 suspenderat
856 1864 901 1906 ar·

178 1968 255 2019 cum,

146 2055 249 2124 natrix,
268 2054 444 2131 dederatque
456 2072 570 2113 comam
583 2053 746 2112 diffundere
758 2054 866 2128 ventis,

146 2158 187 2215 tda
201 2175 290 2235 genu,
310 2156 444 2233 nodoque
457 2157 533 2214 finus
545 2157 674 2215 coeleste
688 2157 814 2216 fluentis.

146 2259 244 2337 :prior,
264 2261 354 2329 Heus,
372 2258 477 2335 inquit,
494 2258 630 2336 juvenes!
652 2259 804 2318 monstrate
822 2279 900 2319 mea·

177 2382 243 2423 rum

147 2464 216 2525 distis
228 2466 249 2525 fi
264 2483 352 2543 quam
365 2464 414 2523 hic
426 2473 571 2523 errantem
583 2463 660 2523 sorte
672 2464 809 2536 sororum,

147 2568 284 2629 bcineam
295 2568 428 2647 pharetrd
440 2577 470 2626 et
482 2566 634 2625 maculosae
646 2568 775 2646 tegmine
787 2568 888 2648 lyncis,

146 2679 167 2727 rt
177 2671 335 2749 spumantia
348 2670 411 2747 apri
423 2670 536 2728 cursum
553 2671 678 2729 clamore
690 2682 881 2748 prementem.

147 2772 186 2832 Sic
197 2775 312 2844 venum
334 2782 364 2831 et
376 2773 498 2832 Veneria
510 2782 610 2830 contra
623 2774 661 2831 fic
675 2773 751 2831 filius
764 2774 859 2832 orsus:

146 2875 191 2935 ulia
203 2886 321 2936 tuarum
334 2875 431 2934 audita
445 2874 519 2933 mihi
533 2894 628 2951 neque
640 2875 699 2934 visa
712 2877 849 2946 sororum,

160 2997 245 3055 quam
259 2989 290 3038 te
302 2980 480 3036 memorem?
502 2977 597 3053 virgo!
620 2997 745 3054 namque
755 2979 833 3039 haud
845 2981 900 3040 tibi

177 3082 272 3142 voltur

147 3186 241 3255 ortalir,
254 3195 376 3243 necron
389 3181 538 3240 hominem
551 3182 646 3254 sonat3
669 3204 696 3252 o,
710 3185 786 3243 Dea!
807 3195 898 3260 cert03

147 3286 260 3347 oPhoebi
273 3287 367 3345 soror?
388 3303 425 3343 an
439 3286 642 3363 Nympharum
655 3285 801 3365 sanguinis
812 3294 888 3349 une?

147 3404 154 3443 r
163 3387 235 3462 felix,
246 3390 431 3463 nostrumque
442 3387 533 3462 sevos,
544 3409 757 3471 quacumque,
764 3394 932 3456 intorem:-
