2250 4050
144 463 213 516 ‚ru
358 453 710 515 rcrooAvrrr.
888 463 929 531 29

144 608 263 688 fonjugis
276 611 399 688 indigno
411 613 443 669 N
444 612 492 670 isae
505 614 641 689 deceptus
653 629 749 669 amore

144 723 202 772 *um
216 733 330 790 queror,
345 726 375 773 et
388 717 477 785 divos,
490 735 667 793 quamquam
680 716 723 773 nil
737 714 855 773 testibus
867 713 927 773 illis

144 818 244 889 roseci,
265 819 395 876 extremi
404 819 529 878 moriens
543 828 640 877 tamen
653 819 792 894 adloquor
804 818 887 879 hori.

144 923 263 998 incipe
276 923 428 981 Maeualior
441 943 566 993 mecum,
586 943 649 980 mea
663 923 745 994 tibia,
766 921 872 980 versus.

144 1025 267 1083 [aenalus
280 1035 474 1102 argutumque
486 1045 598 1097 nemus,
616 1026 757 1103 pinosque
769 1025 924 1100 loquentis,

144 1148 239 1205 :mper
252 1128 340 1186 habet
344 1154 353 1199 i
376 1128 487 1205 semper
495 1129 639 1205 pastorum
651 1127 702 1186 ille
715 1127 796 1186 audit
803 1146 924 1200 amores,

144 1250 265 1308 unaque,
286 1231 337 1307 qui
349 1231 459 1307 primus
472 1230 596 1289 calamos
609 1250 667 1288 non
681 1231 772 1308 passus
785 1231 895 1291 inertis.

144 1334 222 1411 rcipe
237 1335 389 1392 Maenalios
400 1353 525 1404 mecum,
545 1353 610 1392 mea
624 1334 704 1402 tibia,
718 1334 823 1393 versus.
923 1336 925 1338 ’

144 1437 225 1515 sopso
239 1436 312 1494 Nisa
325 1438 423 1495 datur:
446 1437 516 1514 quid
529 1456 588 1495 non
600 1436 744 1514 speremus
756 1440 902 1497 amantes?
923 1442 925 1446 ’

144 1549 289 1618 rogentur
296 1538 357 1617 jam
370 1540 493 1617 gryphes
506 1540 588 1616 equis
592 1564 602 1611 3
624 1543 741 1617 aevoqu'e
753 1541 885 1617 sequenti

144 1665 197 1703 um
210 1643 332 1702 canibus
344 1643 442 1712 timidi
454 1642 573 1702 venient
585 1644 621 1700 ad
634 1643 736 1719 pocula
749 1644 850 1701 damae.

144 1746 234 1825 sopse,
256 1765 344 1803 novas
357 1747 454 1804 incide
467 1746 561 1804 sanes:
584 1745 639 1803 tibi
653 1745 769 1803 ducitur
781 1763 864 1804 uxor.

144 1869 236 1928 urge,
245 1849 358 1917 marite,
366 1868 465 1906 nuces:
481 1849 537 1907 tibi
545 1847 649 1906 deserit
655 1847 799 1927 Hesperus
807 1850 923 1908 OEtam.

144 1955 221 2032 ,cipe
233 1953 388 2013 Maenalios
400 1970 526 2020 mecum,
545 1969 611 2009 mea
624 1951 705 2019 tibia,
725 1950 830 2012 versus.

152 2059 253 2134 digno
266 2055 417 2132 conjunctu
429 2056 507 2114 viro!
530 2056 601 2112 dum
613 2054 734 2131 despicis
746 2057 849 2128 omnis,
919 2058 923 2064 '

144 2179 259 2237 umque
272 2158 326 2216 tibi
339 2159 379 2215 est
389 2158 456 2217 odio
468 2177 532 2217 mea
540 2158 643 2228 fistula,
657 2161 783 2236 dumque
796 2162 922 2239 capellae‚

143 2264 334 2342 irsutumque
347 2262 540 2339 supercilium,
561 2262 751 2339 promissaque
764 2267 867 2335 barba;
912 2264 916 2267 ’

144 2388 179 2427 uc
194 2383 298 2424 curare
310 2365 398 2422 deum
411 2366 502 2423 credis
515 2366 647 2423 mortalia
660 2385 844 2443 quemquam.

146 2471 220 2547 cipe
233 2468 387 2525 Maeualios
399 2486 525 2539 mecum,
545 2486 610 2526 mea
623 2469 710 2537 tibia,'
725 2469 830 2528 versus.

144 2573 248 2651 {pibus
261 2570 293 2627 iu
306 2570 410 2627 uostris.
418 2589 534 2646 parvam
548 2581 577 2627 te
590 2564 697 2642 roscida
711 2573 802 2641 mala,'

144 2696 186 2737 ux
200 2693 259 2751 ego
271 2674 360 2731 vester
372 2692 459 2742 eram,
479 2674 540 2731 vidi
552 2693 621 2732 cum
633 2685 725 2732 matre
737 2676 900 2753 legentem:

144 2784 204 2839 lter
217 2780 256 2835 ab
269 2776 422 2834 undecimo
435 2785 498 2833 tum
512 2795 559 2833 me
568 2775 630 2853 jam
643 2787 757 2853 ceperat
770 2797 862 2837 annus
870 2804 880 2851 3

144 2903 183 2941 ,m
199 2880 312 2954 fragilis
324 2887 454 2956 poteram
467 2898 483 2935 a
497 2879 572 2935 terri
583 2879 752 2956 contingere
765 2883 871 2941 ramos.

144 2998 157 3043 t
171 2982 247 3051 vidi,
268 2991 302 3039 ut
313 2981 397 3057 perii,
417 2991 451 3038 ut
462 3000 510 3039 me
523 2981 615 3038 malus
628 2982 743 3039 abstulit
756 2984 846 3041 errori

144 3087 219 3163 [cipe
232 3084 384 3142 Maenalios
394 3103 517 3153 mecum,
538 3102 603 3141 mea
616 3084 697 3155 tibia,
717 3086 822 3144 versus.

144 3194 208 3247 'unc
222 3188 290 3257 scio,
311 3187 381 3263 quid
395 3187 430 3244 s1t
443 3189 549 3244 Amor:
572 3185 650 3243 duris
663 3186 695 3243 in
708 3189 821 3249 cotibus
833 3189 919 3271 iilum

144 3302 181 3351 ut
192 3293 324 3363 Tmaros,
337 3299 387 3348 aut
399 3290 546 3365 Rhodope,
564 3298 614 3347 aut
627 3291 750 3350 ex'tremi
762 3294 920 3354 Garamam

198 3405 251 3464 tce,
