2250 4050
170 452 211 512 ao
405 415 759 525 osouotcou'
864 461 970 512 mn.

168 609 234 668 Nec
246 617 359 686 torpere
370 611 450 686 gravi
463 611 554 688 paffus
568 611 617 669 sua
630 631 718 689 regna
731 619 858 670 vetemo.
943 630 946 636 ’

208 714 288 770 Ante
301 714 403 790 Jovetn
415 714 488 773 nulli
500 713 671 790 subigebant
683 733 750 772 arva
762 714 858 771 coloni
865 734 875 769 :¹

170 816 218 873 Ne
232 816 341 890 signare
354 815 473 891 quidem
485 828 535 874 aut
547 817 647 894 partiri
660 817 754 878 limite
766 835 900 894 campum

169 918 222 976 Fas
235 927 309 976 erat:
331 918 363 974 in
375 918 504 976 medium
518 922 696 995 quaerebant3
718 919 837 997 ipsaque
849 919 928 977 tellus

169 1020 278 1080 Omnia
290 1020 416 1089 liberius,
436 1021 517 1079 nullo
530 1022 673 1100 poscente,
693 1022 812 1081 serebat.

170 1123 224 1180 Ille
237 1123 346 1179 malum
358 1122 436 1180 virus
448 1122 624 1200 serpentibus
638 1123 749 1183 addidit
762 1123 841 1192 atris,

170 1225 349 1300 Praedarique
362 1225 443 1302 lupos
451 1225 541 1302 juffit,
560 1236 739 1302 pontumque
751 1227 876 1297 moveri;

170 1327 318 1402 Mellaque
331 1328 449 1385 decuffit
460 1327 547 1397 foliis,
568 1328 724 1405 ignemque
736 1329 868 1396 removit,

170 1432 209 1490 Et
219 1431 320 1509 paffim
332 1432 401 1490 rivis
414 1433 560 1490 currentia·
570 1432 637 1490 vina
649 1433 789 1508 repreffit:

170 1535 214 1594 Ut
226 1534 317 1592 varias
330 1534 395 1592 usus
407 1535 574 1592 meditando
585 1537 755 1594 extunderet
768 1536 837 1593 artis

171 1637 332 1706 Paullatim,
346 1647 376 1695 et
389 1637 471 1695 sulcis
484 1637 623 1698 frumeuti
637 1648 776 1714 quereret
789 1640 919 1706 herbam-3

172 1741 215 1799 Ut
229 1740 313 1798 filicis
326 1741 407 1799 venis
420 1739 579 1799 abstrusum
591 1741 745 1800 excuderet
757 1741 867 1816 ignem1

170 1844 257 1902 Tunc
271 1844 349 1902 alnos
362 1842 445 1901 fluvii
457 1843 585 1919 pn'mum
598 1842 706 1901 scnsere
719 1855 845 1916 cavatas;

171 1947 280 2006 Natita
294 1955 357 2004 tum
369 1945 457 2004 stellis
468 1958 601 2005 numeros
614 1958 642 2005 et
655 1946 773 2004 nomina
787 1946 870 2015 fecit,-

170 2050 309 2118 Plei'adas,
328 2050 454 2126 Hyadas,
474 2050 637 2125 claramque
651 2049 791 2126 Lycaonis
804 2049 920 2108 Areon

169 2155 248 2212 Tum
262 2151 371 2228 laqueis
385 2164 497 2229 captare
509 2152 595 2220 feras,
613 2161 642 2209 et
655 2151 755 2210 saliere
767 2151 854 2223 visco,

170 2256 334 2325 Inventum,
351 2263 380 2311 et
393 2272 513 2329 magnos
527 2254 646 2311 canibus
658 2253 837 2313 circumdare
850 2254 941 2312 saltus:

169 2360 269 2435 Atque
282 2358 354 2417 alius
366 2358 459 2417 latum
471 2357 561 2415 fundi
570 2355 632 2433 jam
645 2358 774 2416 verberat
787 2375 910 2422 amnem,

169 2463 241 2521 Alta
252 2472 353 2539 petens
366 2461 524 2539 pelagoque
538 2459 609 2517 alius
624 2458 712 2518 trahit
724 2458 845 2517 humida
858 2458 922 2517 lina.

168 2567 247 2623 Tum
259 2563 328 2623 ferri
341 2563 426 2640 rigor,
446 2572 532 2637 atque
544 2574 652 2637 argutae
663 2560 772 2622 lamina
784 2562 882 2632 setrae3

171 2669 265 2743 (Nam
276 2666 364 2743 primi
377 2665 476 2724 cuneis
489 2664 655 2722 scindebant
668 2662 748 2722 fiffile
759 2663 890 2740 lignum)

169 2774 248 2832 Tum
261 2770 346 2829 variae
359 2788 463 2828 venere
476 2777 561 2826 artes:
584 2766 665 2825 labor
676 2765 775 2824 omnia
789 2766 862 2824 vicit

170 2876 319 2953 Inprobus,
340 2882 370 2930 et
383 2872 460 2929 duris
474 2888 599 2946 urguens
612 2868 645 2926 in
657 2869 740 2927 rebus
753 2868 869 2946 egena.-

170 2979 264 3037 Prima
275 2978 363 3035 'Ceres
377 2975 453 3033 ferro
466 2972 598 3036 mortalis·
607 2981 716 3029 vertere
729 2979 835 3029 tenum

170 3080 312 3151 Instituit3
333 3097 423 3153 quum
432 3075 495 3153 jum
507 3074 626 3151 glandes
639 3084 726 3149 atque
739 3074 842 3131 arbuta
855 3074 932 3131 sacrae

169 3183 336 3241 Deficerent
347 3180 432 3251 filvae,
452 3187 482 3236 et
494 3177 604 3238 vidum
616 3176 740 3233 Dodona
753 3188 880 3253 negaret

169 3286 244 3343 Mox
256 3296 286 3343 et
298 3281 451 3341 frumentis
463 3280 543 3340 labor
555 3278 685 3351 additus5
706 3287 741 3336 nt
753 3280 829 3338 mala
843 3281 942 3339 culm

169 3387 246 3446 Esset
259 3384 370 3462 robigo,
390 3383 541 3462 segnisque
555 3380 683 3440 horreret
696 3378 728 3438 in
742 3381 817 3441 urvis
