2250 4050
431 428 760 480 INaleGILIUM

223 570 281 622 Ver}
294 584 348 635 3ςο.
369 572 471 636 Legcrim
480 572 599 639 equidimz

288 665 318 710 Et
327 664 399 724 gelido
408 665 497 712 venient
506 663 654 712 ‘flammam'
665 662 777 726 quatiebat
785 661 813 708 ab
823 657 892 708 Ocri·

191 751 271 800 Cicero
280 752 305 798 in
316 752 414 809 Arateis,
429 750 588 816 perelegantem

289 843 386 901 Magnus
396 843 439 899 leo,
457 844 579 889 tremulam
589 840 715 904 ‘quatiens’
727 837 740 885 ἒ
750 855 841 903 corpore
851 845 860 870 ‘
866 837 996 886 flammam!

192 929 298 977 Conferat
307 930 419 988 Culicem,
435 946 481 977 ver.
493 931 548 981 218.
581 926 653 976 Unicd
669 928 791 989 genuinum
809 929 841 974 est
859 924 997 990 ‘quatiebat’

193 1020 256 1068 Idem
266 1019 345 1066 Cicero
356 1016 451 1066 ibidem:

201 1136 207 1149 ι
289 1107 329 1153 Sed
340 1107 448 1155 mediocre
456 1107 510 1167 jacit
518 1111 528 1139 ‘
535 1102 669 1169 quatiens‘e
679 1119 769 1166 oorpore
778 1104 890 1152 ‘lumem’

192 1193 268 1244 Aliter
277 1210 356 1243 verum
366 1195 422 1243 foret
433 1195 554 1256 ‘jaciebat’

225 1285 281 1333 Ver.
292 1298 346 1346 374.
367 1282 440 1342 Forte,
455 1285 508 1350 Jovi
520 1284 617 1344 ‘nigro,'
633 1284 681 1330 vioe
691 1283 801 1342 ‘magno’

223 1373 280 1422 ver.
292 1384 349 1434 444.
369 1376 428 1432 Aut,
445 1374 514 1419 Mene
526 1373 605 1419 ‘illas'
616 1374 712 1419 inter—.

200 1463 282 1512 ·‘Ver.
292 1474 352 1526 4ςς.
373 1466 414 1511 An
423 1462 535 1510 ‘viciffel'
551 1463 569 1515 i.
580 1477 600 1509 e.
610 1471 645 1509 tot
654 1461 720 1508 malis
728 1461 840 1525 superesse.

476 1741 512 1779 IN
533 1739 726 1780 cerdonem.

226 1903 258 1952 V.
270 1915 294 1963 7.
317 1903 382 1950 Poro
392 1899 460 1950 etiim
470 1919 514 1949 non
524 1901 627 1950 absurdi:

287 2031 290 2036 .
321 1993 389 2050 ‘An’
406 1992 526 2055 prostituto
536 2001 600 2055 turpe
608 1990 777 2038 contubernium

354 2083 445 2140 Sororis,
461 2081 499 2127 ‘in
510 2080 579 2144 quod¹
591 2096 628 2127 me
638 2080 729 2127 incitas?

194 2168 277 2218 Confer
286 2170 365 2218 Horat.
375 2171 437 2232 epod.
450 2185 471 2235 ς.
478 2173 507 2217 ’1.

202 2285 206 2296 ·
225 2261 281 2307 Ver.
294 2273 333 2320 3¹·
356 2260 453 2306 Mallem
464 2258 528 2306 ‘Ut'
541 2257 703 2305 aestuantes-l
721 2272 775 2304 cum
785 2256 941 2315 admiratione,
951 2273 996 2320 que

192 2350 264 2410 plaott
273 2349 298 2395 in
307 2349 370 2395 versu
381 2348 519 2411 praecedente.

225 2438 271 2484 VI.
287 2450 312 2496 4.
337 2438 386 2483 Hoc
402 2436 493 2483 ‘vedius
508 2436 620 2483 carmine'
640 2431 755 2497 nunquim
774 2436 838 2498 potui
859 2451 998 2499 concoquere.

191 2524 292 2586 Suspicor
303 2526 460 2573 rescribendum
470 2542 476 2571 ε

321 2648 592 2665 ............
609 2615 708 2662 carmine
718 2614 819 2660 ‘vietor’
829 2624 880 2662 ente

191 2708 248 2770 quod
260 2704 335 2753 saltem
346 2706 513 2765 virgilianum:
531 2703 605 2751 confer
616 2706 696 2763 Georg.
709 2704 733 2749 ii.
746 2703 802 2761 176.
819 2703 853 2749 iii.
865 2718 889 2764 9.
902 2718 941 2764 17.

204 2797 277 2843 -Ven
290 2807 311 2856 5.
333 2794 457 2841 Certissima
471 2794 503 2840 est
520 2794 567 2839 haec
583 2792 715 2848 emendatio,
730 2805 780 2854 qua
798 2790 855 2837 mihi
875 2807 961 2853 qnoque
977 2792 996 2836 se

190 2885 306 2931 obtulerat.
336 2878 428 2929 ‘Pina’
441 2882 514 2927 statim
526 2881 597 2936 venit,
613 2895 717 2943 nequem
727 2879 826 2941 repetitio
837 2879 861 2925 in
870 2881 912 2926 hoc
923 2881 996 2927 cultil-

190 2972 247 3019 srmo
257 2971 356 3036 po'e'mate
367 2970 479 3034 placuerit.
505 2973 513 3000 ‘
519 2969 597 3016 Pam*
608 2969 688 3015 tabella
697 2969 728 3015 est
739 2968 846 3015 ‘votiva'
858 2969 939 3016 tabella
948 2970 996 3016 Ho-

190 3063 249 3109 ratii.
273 3064 302 3109 Et
314 3063 337 3110 in
347 3078 392 3109 ver.
406 3075 429 3120 7.
443 3059 511 3107 refero
522 3059 632 3106 ‘humilis
642 3061 648 3079 ’
659 3059 686 3105 ad
697 3057 822 3115 ‘virumn’
839 3068 866 3105 ut
875 3071 996 3123 opponatur

190 3152 365 3213 en‘maxima!

222 3240 277 3286 Ver.
290 3238 313 3285 8.
337 3239 481 3286 Locutioncm
495 3236 612 3284 illustrabit
623 3236 698 3292 Silius,
713 3236 756 3283 nii.
773 3250 828 3300 340·

440 3360 446 3374 .
463 3359 469 3373 .
486 3337 508 3373 et
519 3326 635 3373 delubrum
646 3326 767 3386 ‘sanguiue
777 3326 886 3382 honoraut
894 3329 912 3374 ι’
