2250 4050
336 370 339 380 '
443 393 494 444 ru·
524 394 787 474 virtum-uir.
870 352 874 357 ,

210 537 281 586 uua>
296 533 372 585 minus
383 522 484 598 tignum.
516 538 567 586 rara
578 536 687 600 demetii
696 540 810 600 miluus,
826 537 843 586 t.
858 545 884 599 7.
897 546 936 604 ⁵0·
950 548 1011 601 qm

211 642 257 673 non
268 624 327 674 male
337 625 366 672 fic
376 626 500 677 reduxeris:

213 755 216 763 .
261 709 265 717 '
310 715 362 762 Huc
373 715 421 762 ades
432 716 564 764 ‘adcantus
571 715 589 764 ι’
599 715 656 765 ludis
666 717 810 780 Geniumque
819 715 905 764 choreis

343 803 487 862 Concelebra,
502 816 527 852 et
536 806 610 852 multo
620 810 628 838 ‘
639 815 739 868 tempora
748 804 818 853 funde
829 820 892 853 mero
899 804 917 851 ε’
929 836 931 840 ⁴

214 891 249 940 sod
259 891 377 953 elegantior
391 892 422 938 cst
436 903 528 940 conatus
541 894 636 956 Hcynii,
652 883 790 942 Markhndo
803 903 925 956 praceptus
934 891 958 939 iu
968 895 1013 940 An·

213 981 272 1042 glico
286 981 383 1028 tradlatu
392 982 419 1027 de
436 981 549 1028 Ciceronis
564 981 666 1044 epistolis,
681 998 730 1045 μς.
742 980 783 1029 68.
815 982 881 1029 Idem
898 981 977 1029 iterdm
989 980 1013 1028 ad

214 1069 248 1116 iii.
265 1084 289 1119 a.
304 1083 344 1117 ao.

343 1158 401 1204 Mox
411 1154 480 1205 etidm
491 1158 556 1206 niveo
567 1160 577 1190 ‘
586 1157 675 1205 fundere
685 1157 755 1204 ladle’
768 1166 853 1220 parent.

143 1267 146 1273 ¹
215 1246 256 1292 Sed
269 1245 404 1293 locutionem
420 1247 445 1296 in
460 1246 539 1309 primis
556 1246 677 1309 po‘e'ticam,
694 1246 747 1309 quid
761 1246 843 1293 attinet
856 1248 964 1311 exemplis
976 1247 1014 1295 stt·

214 1334 294 1382 biiire?

246 1424 304 1471 Ver.
320 1435 380 1485 454.
410 1424 471 1473 Luce
486 1420 609 1472 meridiani
624 1425 704 1472 clarius
719 1425 759 1483 est,
782 1440 821 1471 uos
836 1440 915 1473 veram
931 1423 1014 1484 Virgilii

214 1528 308 1560 manum
325 1513 433 1560 reddidisse
447 1529 474 1560 ex
488 1513 635 1570 divinatione3
653 1511 699 1559 sord
711 1510 764 1560 faeti
780 1514 893 1569 certiores,
913 1513 1014 1560 ‘vocent'

213 1602 237 1649 in
247 1602 358 1648 nonnuliis
367 1602 476 1649 codicibus
485 1603 573 1665 reperiri
581 1620 589 1660 ς
605 1597 664 1648 υιιᾶὲ
672 1611 734 1648 extra
743 1599 837 1649 dubium
849 1602 941 1663 ponitur
950 1602 1014 1648 nostra

214 1690 344 1739 emendatio.
377 1690 483 1738 Conferat
493 1706 538 1738 ver.
552 1705 609 1751 1²9·

246 1781 299 1828 Ver.
310 1777 369 1840 456.
389 1778 456 1826 Hadd
473 1779 600 1827 subdistinxi
619 1779 666 1841 post
683 1777 795 1841 ‘posmsz’
812 1793 869 1826 nam
886 1779 1017 1827 couilmdlio

213 1868 253 1926 est,
270 1868 377 1926 “Poscas,
393 1869 445 1914 ‘ut'
458 1868 502 1930 ipsa
512 1879 577 1915 canat
583 1885 591 1924 l
609 1882 647 1931 per
655 1866 740 1929 ellipsin
750 1867 827 1929 passim
836 1866 908 1930 poitis
918 1867 1015 1931 frequen·

214 1960 231 1987 “
242 1957 338 2005 tatam.''
369 1954 406 2004 Iti
417 1957 473 2003 AEn.
484 1957 531 2004 viii.
546 1956 600 2021 506.

343 2077 497 2094 .......
512 2045 660 2106 ‘mandatque
668 2044 676 2064 ’
686 2043 777 2105 insignia
786 2045 903 2104 Tarchon,

341 2134 486 2182 ‘Succodam’
497 2134 579 2180 castris.

213 2221 248 2272 Iti
258 2221 327 2272 etiim
334 2224 390 2271 AEn.
401 2224 432 2271 xi.
444 2235 498 2286 513.
514 2223 555 2270 xii.
569 2223 598 2283 58
602 2233 623 2283 5.
639 2221 678 2269 ubi
688 2238 734 2270 nos.
768 2222 862 2271 Tritum
872 2226 914 2273 est.

245 2316 301 2361 Ver.
320 2311 376 2374 516.
405 2314 487 2374 Sequor
504 2311 614 2358 Macrobii
632 2311 759 2368 ledlionem,
783 2312 874 2360 satum.
893 2330 917 2360 v.
937 2329 974 2363 ιι.
995 2325 1016 2362 et

212 2404 329 2450 nonnullos
338 2403 428 2449 codices.
458 2402 543 2447 Iocum
555 2410 695 2447 correxerunt
705 2399 788 2447 librarii
798 2415 839 2462 pro
849 2416 916 2450 more
925 2420 953 2451 ex
962 2405 1016 2451 Aba

211 2491 227 2536 i.
239 2503 294 2551 744.
326 2491 391 2539 Nihil
401 2490 471 2537 obstat
483 2489 639 2551 diphthongus,
656 2504 723 2551 quam
738 2490 840 2551 sequente
854 2494 927 2540 vocali
941 2495 1016 2555 paffim

210 2579 331 2641 corripiunt
341 2581 472 2626 Graecorum
487 2575 637 2639 probatissimi.
667 2577 740 2625 Adeas
754 2578 819 2625 Statii
835 2580 919 2627 sttui.
937 2596 960 2643 3.
978 2594 1017 2644 95.

210 2678 233 2714 et
248 2668 278 2713 ibi
293 2668 463 2715 Marklandum.
496 2667 588 2713 Facetus
600 2663 667 2725 igitir
681 2666 791 2713 habendus
802 2667 834 2713 est
848 2684 905 2716 cum
918 2667 957 2717 sui
967 2672 1015 2718 ctist

211 2756 321 2819 Heynius.
353 2756 401 2802 Nos
411 2756 466 2801 hanc
477 2768 525 2801 tem
535 2751 612 2815 sapitis
622 2754 743 2813 tetigimus,
754 2766 776 2801 et
787 2756 836 2817 plus
846 2754 916 2804 semdl
926 2760 951 2806 iu
961 2761 1016 2807 uotis

210 2845 237 2890 ud
248 2845 348 2891 nostrum
361 2843 499 2893 ‘Deledtum
514 2840 672 2903 tragoediarum
682 2843 832 2901 Graecarum,'
849 2844 922 2909 nuper
935 2849 1017 2910 publici

207 2932 264 2993 jutis
275 2932 367 2987 fastum.

421 3312 526 3362 TYPIS
553 3311 580 3360 T.
606 3311 798 3364 BENSLEK
