2250 4050
142 451 209 516 473.
414 441 465 503 LI
478 445 511 502 B.
550 444 604 503 IV.
842 448 896 505 tta

134 618 199 659 nam
210 600 306 659 multa
318 599 351 659 in
363 600 441 659 soliis
452 600 549 660 avium
564 598 593 659 se
606 597 699 658 millia
712 599 850 668 condunt,

134 701 206 778 'esper
217 703 271 761 ubi
284 713 336 761 aut
348 703 485 763 bibemus
497 703 559 780 agit
572 705 608 761 de
620 703 767 761 montibus
776 702 881 761 imber:

134 802 219 874 latres,
238 814 329 880 atquc
341 805 405 875 viri,
423 806 616 883 desunstaque
630 823 746 882 corpora
759 804 819 863 viti

134 905 324 982 tagmnimtm
338 908 468 978 heroum,
480 909 571 985 pueri,
584 909 771 985 innuptaeque
782 908 895 983 puellae,

134 1010 275 1086 tpofitique
287 1010 365 1088 rogis
373 1010 492 1089 juvenes
504 1021 571 1069 ante
583 1031 631 1069 ora
645 1018 796 1088 parentum
803 1035 812 1081 ;

134 1109 183 1171 tuos
194 1114 305 1173 circum
317 1115 406 1173 limus
418 1114 509 1192 niger,
529 1123 560 1172 et
572 1114 708 1173 deformis
721 1115 830 1172 arundo

134 1211 211 1292 bcyti,
232 1218 369 1295 tardique
383 1218 463 1295 palus
476 1217 639 1275 inamabilis
651 1218 729 1275 unda

134 1317 226 1396 tttigat,
246 1330 276 1379 et
288 1321 387 1381 novies
399 1322 470 1398 Styx
482 1319 622 1378 interfusa
634 1322 755 1378 coercet.

134 1414 184 1478 tuin
194 1423 262 1500 ipsa
275 1423 406 1500 stupuere
418 1424 518 1481 domus
531 1433 618 1499 atque
629 1423 733 1481 intima
748 1423 812 1481 Leti

134 1517 225 1595 tartara,
244 1526 434 1601 caeruleosque
446 1525 571 1602 inplexae
583 1525 710 1583 crinibus
726 1526 828 1602 anguis

134 1618 279 1699 inuenisse,
301 1628 452 1704 tenuitque
464 1628 580 1686 inhians
595 1628 649 1686 tria
663 1629 804 1687 Cerberus
816 1647 875 1698 ora,

134 1721 197 1802 itqqe
208 1730 315 1790 Ixionii
327 1730 423 1789 flendo
436 1738 498 1788 rota
511 1730 638 1789 constitit
648 1730 732 1789 orbis.

149 1828 266 1910 Jamque,
287 1833 391 1910 pedem
404 1833 539 1902 referens,
558 1833 637 1891 casus
651 1832 776 1891 evaserat
788 1831 892 1906 omnis,

134 1925 273 2013 itdditaque
287 1934 430 2011 Eurydice
443 1935 554 2013 superas
567 1935 701 1995 veniebat
713 1937 749 1994 ad
762 1955 853 2008 auras,

134 2030 177 2093 bne
190 2038 323 2115 sequens;
348 2057 473 2115 namque
495 2038 571 2097 hanc
592 2040 708 2098 dederat
728 2038 892 2117 Proserpina

176 2140 268 2219 legem
272 2166 282 2214 ;

134 2230 198 2301 irum
211 2243 305 2302 subita
318 2244 467 2302 incautum
478 2244 622 2304 dementia
635 2246 711 2323 cepit
724 2254 881 2318 amantem,

134 2334 284 2415 ignoscenda
297 2346 425 2423 quidem,
444 2346 549 2404 scirent
561 2347 583 2404 fi
596 2347 741 2424 ignoscere
754 2348 870 2424 Manes)

134 2438 221 2519 {estitit
239 2448 460 2526 Eurydicenque
472 2449 551 2507 suam
559 2447 621 2525 jam
634 2449 699 2508 luce
711 2450 763 2508 sub
776 2450 837 2528 ipra

134 2551 248 2623 1inerunt,
277 2552 350 2611 heu!
376 2551 523 2629 vietusque
547 2552 647 2622 animi,
669 2553 803 2629 respexit.
842 2553 889 2613 Ibi

176 2656 265 2714 omnis

134 2743 206 2816 iffusus
218 2758 305 2826 labor,
325 2766 412 2834 atque
423 2756 535 2815 inmitis
548 2769 632 2836 rupta
646 2760 760 2836 tyranni

134 2846 220 2930 bdera,
242 2869 341 2936 terque
354 2861 450 2935 fragor
465 2860 556 2937 stagni
569 2862 609 2919 est
621 2862 734 2920 auditus
748 2862 868 2920 Averni.

134 2947 165 3023 ¹¹³,
180 2963 251 3021 Quis
263 2972 294 3020 et
306 2982 363 3031 me,
382 2962 488 3039 iuquit,
507 2963 648 3043 miseram,
669 2974 700 3022 et
712 2976 740 3023 te
754 2965 887 3042 perdidit,

175 3063 298 3141 Orpheu,

134 3153 175 3219 tuis
185 3175 277 3230 tantus
290 3167 386 3224 furor?
408 3168 467 3224 Enl
489 3167 595 3225 itenun
607 3169 733 3227 crudelia
745 3180 821 3229 retro

134 3255 169 3319 '²²³
178 3269 285 3340 vocant,
305 3268 460 3345 conditque
473 3270 604 3328 natantia
621 3272 731 3331 lumina
744 3272 867 3337 somnus.

134 3372 306 3446 *diuvant
324 3372 412 3430 Feror.
421 3370 535 3449 ingenti
547 3373 722 3434 circumdata
729 3378 826 3449 nodie
