2250 4050
439 421 670 474 NOTULAE·

172 567 224 614 Ver.
235 567 274 629 89.
298 567 342 614 Hic
353 568 432 628 ingenii
448 570 514 616 nostri
528 567 595 616 foetus
609 568 680 615 dotris
689 564 775 615 lortass‘e
784 582 828 614 non
842 567 943 630 displice·

138 657 178 713 bit,
196 667 221 703 ut
236 659 258 704 in
273 658 409 705 conclamato
425 659 481 717 loco,
497 669 519 705 et
534 658 633 705 carmine
649 656 728 721 partim
738 657 863 717 venerabili,
879 658 943 719 quale

137 746 213 806 religio
223 745 291 795 fuerit
300 749 409 796 audaciori
419 764 488 795 manu
501 747 614 796 solicirare.
648 748 736 794 Marius
746 748 834 806 Vilior,
847 749 870 794 in
881 749 941 796 Gen.

137 835 170 882 iii.
188 850 229 883 21.

266 959 396 974 ......
414 928 564 976 ‘vindicibus’
575 930 664 990 pluviis,
680 929 778 991 coeloque
787 926 866 975 refuso.

171 1016 223 1062 Ver.
236 1029 274 1077 94.
302 1017 346 1062 Hie
361 1015 431 1064 etilm
446 1017 537 1065 fidenter
553 1018 647 1077 agimus,
663 1018 700 1064 ubi
718 1018 828 1079 desperant
842 1017 942 1065 editorem

142 1105 228 1151 ‘Fons'
240 1115 262 1150 et
273 1103 360 1160 ‘frons’
371 1105 482 1170 saepisfime
491 1118 668 1155 commutantur.
702 1104 757 1154 AEn.
768 1107 785 1154 i.
795 1121 853 1168 441.

267 1196 341 1242 Lucus
351 1199 373 1244 in
385 1198 437 1244 urbe
448 1196 491 1244 fuit
501 1193 582 1253 medii,
598 1197 735 1244 ‘lretill'unus
744 1197 844 1245 umbm’
937 1232 941 1236 -

169 1285 222 1329 Ver.
236 1283 291 1332 116.
317 1288 450 1348 Interpolavi
465 1286 647 1350 praepositionem,
662 1303 730 1350 quam
742 1288 843 1352 absorpsit
858 1304 939 1352 prace-

136 1371 189 1418 dens
199 1373 268 1421 litera.

169 1463 227 1510 Ver.
242 1463 297 1511 118.
319 1466 363 1511 Pro
373 1468 471 1512 ‘Peneu'
483 1467 574 1527 legerim
586 1471 594 1498 ‘
601 1466 700 1513 Phoebe'

170 1554 224 1598 Ver.
238 1567 291 1600 120.
313 1553 379 1602 Forte
395 1560 503 1604 ‘nemum
512 1558 527 1602 :’
545 1557 594 1603 vide
605 1557 735 1604 Suetonium
750 1556 773 1602 in
784 1557 882 1614 Nerone,
898 1573 939 1604 xx·

133 1653 155 1688 et
166 1641 247 1689 ibidem
259 1645 390 1707 interpretes.

170 1733 227 1779 Ver·
249 1733 303 1781 128.
328 1735 377 1781 Hoc
395 1736 422 1781 ab
436 1736 526 1800 Heynlo
540 1737 586 1783 est:
605 1736 640 1782 sed
657 1735 775 1782 ‘annexa’
793 1734 879 1784 fortasse
894 1753 940 1786 non

137 1823 240 1870 deterius.

169 1913 224 1959 Ver.
239 1911 292 1972 136.
317 1914 374 1959 Haec
389 1913 455 1959 leelio
468 1911 531 1973 longe
547 1914 675 1976 exquisitior
691 1925 714 1961 et
727 1915 852 1962 venustior:
876 1913 939 1962 aliter

136 2003 273 2063 praetulerim
286 2007 293 2033 ‘
303 2001 408 2049 frontibus
418 2002 435 2049 ι’
451 2003 499 2050 vide
510 2005 666 2051 Burmannutn
677 2004 704 2050 ad
713 2004 759 2051 Ov.
771 2016 824 2052 met.
835 2020 858 2053 x.
868 2019 908 2068 91.

169 2093 223 2137 Ver.
237 2092 290 2151 138.
311 2093 384 2139 Habes
402 2094 497 2141 nostram
514 2095 681 2152 divinationem,
697 2095 779 2142 letlore
797 2092 842 2158 qui
860 2094 938 2143 fruere.

138 2176 173 2225 Iti
188 2180 278 2238 Statius,
295 2181 341 2227 lilv.
353 2198 377 2227 v.
398 2183 485 2228 1.106.

266 2302 371 2315 .....
388 2275 396 2300 ‘
404 2266 536 2332 moestique’
547 2285 637 2317 comam
646 2271 750 2318 damnare
761 2273 887 2335 ‘cupreffol

169 2360 223 2405 Ver.
238 2360 290 2420 165.
313 2360 412 2420 Suspicor
422 2360 580 2406 rescribendum
591 2360 646 2406 effe:

268 2451 396 2510 squamosos
405 2445 449 2495 late
459 2449 572 2496 ‘vertebat
582 2449 688 2496 tortibus'
699 2450 763 2498 orbis.
804 2487 806 2492 .

145 2583 147 2588 ⁴
169 2540 225 2586 Ver.
239 2538 292 2599 183.
316 2537 374 2585 nent·
393 2539 631 2601 ‘pingebant’lumina
644 2540 754 2599 gemmis:
777 2541 939 2604 ‘pingebant-

135 2629 502 2690 pangebant-pnndebant’-erat
515 2630 568 2677 ordo
583 2631 766 2693 corruptelarum.
799 2632 835 2678 sic
852 2632 939 2680 Marius

138 2720 228 2774 Vterer,
245 2719 270 2766 in
280 2721 338 2766 Gen.
349 2719 382 2765 iii.
396 2718 450 2783 185.

266 2841 515 2858 ...........
535 2814 543 2841 ‘
553 2810 676 2871 pingentia'
687 2811 772 2857 coelum

266 2900 355 2945 ‘Sidera
364 2899 380 2945 :’

136 3000 158 3036 et
169 2990 274 3036 Alcimus
285 2990 376 3045 Avitus,
391 3004 413 3035 v.
428 2988 481 3049 384.

263 3111 459 3125 .........
476 3079 560 3125 coelum
570 3094 624 3125 cum
635 3078 760 3142 ‘pingitur’
771 3080 841 3127 astris.

148 3195 150 3199 =
168 3166 222 3214 Ver.
233 3166 291 3215 206.
313 3169 358 3215 Vel
369 3165 470 3225 ‘ofusoss
486 3167 522 3214 vel
532 3167 634 3214 ‘offuso’

168 3260 223 3305 Ver.
234 3256 291 3305 216.
316 3258 442 3305 ‘Horrida’
459 3259 485 3304 de
496 3273 546 3305 meo
556 3259 603 3305 est:
620 3268 643 3305 et
657 3276 706 3323 quae
722 3259 842 3323 sequuntur
856 3260 880 3309 in
889 3275 937 3309 ver.

138 3348 192 3395 218.
