2250 4050
172 453 233 507 202
315 494 318 499 »
437 435 722 516 AENEIDOS,¹
861 438 925 504 uti?

214 604 309 661 Lucus
322 603 354 661 in
368 606 440 663 urbe
455 604 513 663 fuit
525 605 630 675 medifi,
652 603 810 661 laetissimus
820 600 916 660 umbraes

176 706 248 768 Quo.
260 706 396 782 primurn,
412 706 512 784 janui
525 707 610 767 undis
623 717 655 765 et
668 706 793 775 turbine,
813 702 883 764 Poeni

174 807 307 866 Effudere
320 808 385 868 loco
399 810 523 887 srgnum,
542 811 621 886 quod
634 810 713 887 regia
727 812 806 887 Juno

175 911 359 982 Monstrarat,
378 922 465 989 caput
477 913 549 971 acris
561 912 645 989 equi,
668 914 707 971 fic
720 931 788 970 narn
802 912 859 970 fure
869 902 925 966 bellu

176 1013 341 1091 Egregium,
361 1025 391 1072 et
403 1015 521 1075 facilem
533 1016 620 1085 vitun,
640 1035 691 1093 per
705 1016 806 1073 saecula
820 1023 924 1091 genten

175 1117 236 1175 Hic
248 1117 392 1194 templum
405 1119 515 1195 Junoni
527 1119 631 1197 ingens
644 1118 762 1177 Sidonia
775 1119 852 1177 Dido

174 1219 336 1290 Condebat,
357 1220 439 1279 donis
450 1221 622 1298 opulentum
635 1231 665 1279 et
677 1221 799 1281 numine
812 1221 892 1280 dive:

175 1322 265 1382 AErea
275 1322 323 1381 cui
336 1323 471 1401 gradibus
484 1325 638 1401 surgebant
649 1325 761 1396 limina,
782 1326 904 1400 nixaeque

175 1425 250 1486 AEre
265 1429 370 1486 trabes:
393 1427 503 1486 foribus
516 1429 602 1486 cardo
614 1427 750 1486 stridebat
760 1429 848 1486 ainis.

175 1529 242 1593 Hoc
255 1530 384 1606 primum
395 1530 426 1589 in
440 1531 506 1589 luco
519 1550 593 1589 nova
606 1550 651 1590 res
663 1531 760 1591 oblata
773 1533 899 1590 timorem

175 1633 288 1706 Leniit3
309 1633 358 1692 hic
369 1633 497 1710 primum
509 1634 621 1693 AEneas
633 1633 744 1711 sperare
758 1635 876 1693 salutem

175 1735 281 1805 Ausus,
298 1745 329 1794 et
341 1735 464 1796 adflieiis
477 1735 582 1795 melius
595 1737 740 1796 confidere
752 1741 846 1797 rebus.

174 1838 320 1914 Namque,
341 1839 393 1898 sub
406 1838 520 1916 ingenti
533 1840 632 1898 lustrat
645 1841 715 1898 dum
733 1840 843 1918 srngula
861 1834 925 1912 tenp'

175 1941 321 2019 Reginam
333 1941 492 2021 opperiens,
513 1943 593 2013 dum,
614 1962 679 2018 quae
693 1943 812 2002 fortuna
825 1944 858 2002 fit
869 1937 925 2004 urbi

174 2045 390 2125 Artificumqne
402 2065 504 2104 manus
514 2045 591 2104 inter
603 2046 641 2115 se,
654 2066 832 2124 operumque
841 2048 925 2105 labora

174 2148 309 2219 Miratur,
330 2150 410 2207 videt
423 2148 524 2207 Iliacas
536 2168 574 2207 ex
588 2149 688 2208 ordine
700 2169 824 2227 pugnas,

174 2252 312 2338 Bellaque
320 2250 382 2329 jam
395 2251 473 2310 sama
486 2260 581 2310 totum
594 2252 709 2329 volgata
721 2271 774 2329 per
786 2256 888 2321 orbem,

174 2355 303 2425 Atridas,
325 2355 538 2431 Priamumque,
557 2364 588 2412 et
600 2354 709 2413 saevum
723 2357 862 2414 ambobus
872 2347 924 2413 Ach

251 2457 327 2526 leni„

174 2563 324 2634 Constitit3
351 2573 382 2621 et
401 2562 563 2633 lacrimann,
586 2562 662 2621 Quis
680 2562 743 2640 jam
763 2564 851 2635 locus,
869 2562 925 2633 inqu

250 2665 374 2734 Achate,

174 2768 252 2835 Quae
264 2768 343 2846 regio
354 2768 386 2826 in
401 2767 482 2829 terris
496 2767 581 2827 nostri
596 2786 655 2826 non
668 2768 755 2844 plena
769 2768 885 2842 laboris?

172 2872 218 2930 En
231 2871 370 2934 Priamus!
391 2872 466 2930 Sunt
478 2870 527 2929 hic
540 2870 629 2928 etiam
644 2870 692 2929 sua
705 2873 824 2948 praemia
840 2864 918 2930 laudi:

171 2974 500 3044 Sunt51acrimaererum3
519 2983 549 3031 et
558 2984 688 3032 mentem
698 2976 833 3033 mortalia
842 2982 925 3046 tanqu

172 3078 254 3135 Solve
264 3086 372 3147 metus;
393 3078 467 3136 feret
478 3076 540 3135 haec
549 3075 678 3152 aliquam
689 3077 744 3135 tibi
755 3078 832 3136 fama
844 3076 925 3136 sunta

171 3179 218 3239 Sic
232 3179 281 3247 ait,
302 3188 389 3254 atque
402 3179 532 3238 animum
545 3178 658 3257 pitiurt
671 3179 762 3256 pascit
773 3179 862 3249 inani,

170 3281 268 3341 Multa
288 3300 419 3358 gemens,
445 3282 583 3359 largoque
603 3282 752 3343 humanat
771 3282 884 3344 flumine
897 3289 925 3333 w

182 3399 203 3454 ,ἕ
244 3395 325 3456 ium·
