2250 4050
134 474 180 534 51.
327 510 332 515 ·
382 471 482 534 Lru'.
522 476 563 534 11.
621 463 628 497 ³
831 477 869 544 7⁵

134 629 260 703 uescant‚
281 629 462 709 summasque
472 620 552 710 sequi
565 629 693 690 tabulata
706 647 758 708 per
769 627 873 687 ulmos.

134 754 163 803 .c‚
177 735 355 812 dum'prima
370 735 451 794 noris
464 734 602 793 adolescit
614 733 764 792 frondibus
777 741 854 800 aetas,

134 838 249 895 :endum
264 837 389 911 tenerisp
405 847 445 907 et,
466 839 535 895 dum
549 836 578 896 se
590 836 672 894 laetus
685 837 721 894 ad
733 853 815 893 auras

134 958 181 998 nes
194 938 266 1016 agit,
286 939 359 998 laxis
371 953 423 1017 per
433 957 540 1017 purum
552 939 681 998 inmissus
694 937 824 1017 habenis,

134 1065 138 1099 r
151 1041 213 1119 acie
225 1042 356 1099 nondum
368 1043 450 1101 falcis
464 1043 617 1114 tentanda5
638 1041 685 1099 sed
699 1039 781 1099 uncis

134 1145 233 1222 pendae
245 1144 378 1203 manibus
390 1144 515 1214 frondes,
534 1143 669 1221 interque
681 1143 820 1220 legenda.

134 1266 155 1318 e,
175 1246 228 1304 ubi
236 1245 299 1324 jam
312 1245 413 1305 validis
426 1247 567 1324 amplexae
579 1246 818 1324 stirpibusulmos

134 1349 215 1420 erint,
233 1357 297 1406 tum
310 1348 416 1426 stringe
428 1368 533 1418 comas,
546 1358 610 1407 tum
623 1348 738 1407 brachia
750 1349 851 1420 tonde;

134 1471 154 1510 ·.e
166 1451 356 1510 reformidant
369 1451 490 1510 ferrum:
514 1460 578 1510 tum
590 1452 714 1529 denique
726 1452 796 1510 dura

134 1573 184 1612 erce
197 1553 329 1631 imperia,
349 1561 379 1611 et
390 1573 484 1612 ramos
497 1554 634 1631 conpesce
646 1554 773 1613 fluentis.
856 1582 858 1587 ¹

134 1658 261 1717 Jexendae
272 1657 358 1735 saepes
368 1658 466 1728 etiam,
477 1667 506 1716 et
516 1678 603 1736 pecus
613 1678 699 1718 omne
707 1658 874 1728 tenendum,

134 1761 219 1839 cipue
227 1762 298 1820 dum
308 1761 386 1819 frons
397 1769 495 1819 tenera
505 1761 716 1839 inprudensque
727 1760 875 1819 laborum:

134 1908 146 1934 .,
163 1863 247 1941 super
259 1863 394 1941 indignas
407 1863 516 1922 hiemes
528 1864 673 1941 solemque
685 1872 843 1942 potentem,

134 1958 222 2027 restres
234 1968 282 2027 uri
294 1967 409 2030 adfidue
421 1986 587 2046 capreaeque
599 1969 732 2047 sequaces

134 2072 226 2144 uiant,
246 2071 402 2149 pascuntur
413 2089 479 2129 oves
492 2071 639 2149 avidaque
647 2072 789 2150 juvenc'ae.

134 2192 193 2250 gora
207 2194 262 2232 nec
274 2183 389 2232 tantum
402 2173 473 2233 cani
485 2184 615 2240 concreta
628 2174 740 2253 pruina,

134 2277 247 2354 tgravis
259 2262 429 2335 incumbens
442 2275 565 2354 scopulis
578 2278 722 2337 arentibus
736 2277 823 2348 aestas,

134 2388 231 2439 autum
243 2378 288 2437 illi
303 2397 426 2436 nocuere
437 2396 548 2457 greges,
568 2379 689 2455 durique
701 2397 844 2438 venenum

134 2482 190 2553 ntis,
210 2492 241 2540 et
253 2479 384 2540 admorso
397 2481 505 2558 srgnata
517 2480 549 2538 iu
562 2481 647 2559 stirpe
660 2481 788 2546 cicatrix.
860 2532 863 2538 .

134 2600 152 2638 n
162 2585 248 2644 aliam
259 2586 296 2642 ob
310 2584 424 2660 culpam
434 2583 546 2642 Baccho
558 2603 644 2662 caper
655 2586 789 2645 omnibus
801 2585 857 2647 aris

134 2684 216 2757 uitur,
236 2695 266 2744 et
279 2694 388 2744 veteres
400 2684 502 2743 ineunt
513 2662 660 2763 ¹proscenia
674 2688 745 2759 ludi,

134 2788 254 2865 emiaque
267 2787 391 2864 ingeniis
406 2805 494 2864 pagos
507 2798 538 2845 et
549 2789 675 2867 compita
688 2790 798 2849 circum

134 2890 209 2948 efidae
221 2889 350 2967 posuere,
369 2898 457 2966 atque
469 2890 546 2947 inter
557 2892 660 2967 pocula
672 2892 734 2949 laeti

134 2989 218 3053 suibus
230 2993 262 3051 in
276 2992 365 3070 pratis
378 2993 477 3050 uncins
490 2992 599 3050 saluere
610 3012 661 3070 per
672 3004 760 3053 uires.

134 3106 214 3154 anon
227 3093 361 3165 Ausonii,
379 3093 466 3171 Troja
478 3112 548 3170 gens
561 3093 652 3166 milia,
671 3095 769 3155 coloni

134 3194 212 3256 tubus
225 3196 361 3257 incomtis
374 3197 489 3266 ludunt,
502 3196 618 3273 risuque
631 3197 738 3270 solut03

134 3307 197 3371 sque
208 3298 361 3360 corticibus
373 3298 493 3357 sumunt
505 3298 646 3358 horrenda
658 3299 778 3374 cavatis}

134 3402 174 3473 ue,
185 3403 303 3476 Bacche,
316 3409 419 3463 vocant
430 3420 482 3480 per
493 3400 620 3462 carmina
631 3402 707 3477 laeta,
726 3400 839 3483 tibique
861 3385 863 3390 ¹
