2250 4050
168 474 207 547 76
403 473 740 546 GEORGICON‚
860 477 947 542 eaeo.

169 630 328 689 Oscillaex
341 624 400 689 alta
412 629 589 709 suspendunt
600 632 702 691 mollia
715 632 800 710 pinu.
849 650 853 655 ·

169 737 250 795 Hinc
262 735 355 793 omnis
368 735 448 812 largo
460 736 592 813 pubescit
603 735 691 794 vinea
704 736 768 793 setu
775 760 784 806 5

170 839 352 916 Conpleutur
363 839 508 915 vallesque
521 858 598 897 cavae
611 839 758 915 saltusque
771 833 904 914 profundi,

170 944 403 1019 thuocumque
415 943 485 1000 deus
498 941 609 999 circum
622 922 712 1018 caput
725 940 789 1016 egit
800 937 935 997 honestum

171 1048 249 1122 Ergo
261 1045 316 1104 rite
329 1045 412 1103 suum
426 1045 537 1104 Baccho
550 1045 680 1103 dicemus
693 1045 833 1102 honorem

171 1148 357 1207 Carminibus
369 1149 479 1224 patriis,
499 1149 652 1223 lancesque
666 1157 697 1205 et
711 1148 771 1206 liba
783 1149 907 1213 feremus;

171 1252 211 1309 Et
223 1251 323 1308 duttus
337 1268 427 1308 comu
439 1249 523 1307 flabit
535 1249 613 1308 sacer
624 1249 723 1308 hircus
734 1251 770 1308 ad
784 1267 867 1316 aram,

172 1352 351 1430 Pinguiaque
364 1353 396 1410 in
408 1352 522 1411 veribus
538 1351 711 1410 torrebimus
724 1361 793 1410 exta
806 1347 922 1408 columis·

211 1457 259 1514 Est
271 1457 358 1514 etiam
371 1457 422 1513 iile
434 1457 515 1514 labor
527 1455 661 1513 curandis
674 1455 783 1513 vitibus
795 1455 871 1521 alter,
955 1480 957 1485 ·

172 1560 231 1617 Cui
252 1578 412 1635 numquam
431 1558 561 1617 exhausti
581 1558 649 1616 satis
667 1558 723 1615 est:
746 1574 869 1633 namque
882 1564 943 1611 omne

251 1671 321 1740 quot
334 1663 417 1720 annis

172 1769 287 1843 Terque
310 1776 467 1842 quaterque
490 1764 584 1822 solum
607 1763 807 1836 scindendum,
834 1763 944 1839 glebaque

148 1926 152 1931 .
251 1869 335 1927 verfis

173 1974 331 2032 AEternum
344 1971 502 2049 frangenda
514 1970 682 2029 bidentibus
686 1995 695 2042 3
707 1988 804 2046 ,omne
821 1964 945 2027 levandum

172 2074 284 2132 Fronde
293 2093 405 2131 nemus:
419 2073 494 2131 redit
500 2074 632 2149 agricolis
644 2074 725 2131 labor
735 2074 814 2131 attus
824 2071 855 2129 in
864 2070 945 2128 orbem

173 2178 274 2251 Atque
286 2176 318 2232 in
332 2176 360 2233 se
373 2176 423 2235 sua
435 2196 486 2253 per
499 2176 617 2251 vestigia
629 2176 757 2233 volvitur
769 2194 869 2233 annus.

173 2279 219 2336 Ac
228 2275 290 2353 jam
303 2278 383 2347 olim,
404 2278 476 2336 seras
490 2278 586 2355 posuit
599 2297 690 2354 quum
702 2277 788 2336 vinea
802 2274 910 2341 frondis,

173 2381 305 2458 Frigidus
317 2389 347 2439 et
361 2380 435 2438 filvis
448 2380 557 2455 Aquilo
571 2380 691 2438 decuffit
703 2381 856 2451 honorem3

150 2516 152 2520 ,
173 2486 239 2561 Jam
253 2492 316 2541 tum
329 2502 393 2540 acer
405 2502 486 2540 curas
498 2483 663 2541 venientem
677 2484 812 2541 extendit
824 2484 854 2540 iu
865 2486 945 2539 annum

174 2584 313 2652 Rusticus,
334 2595 363 2642 et
377 2604 463 2643 curvo
476 2584 591 2643 Saturni
604 2586 691 2643 dente
704 2584 834 2643 relidam

174 2686 355 2762 Persequitur
367 2687 458 2745 vitem
472 2689 640 2755 adtendens,
661 2687 806 2764 fingitque
819 2681 934 2765 putando·

175 2791 285 2849 Primus
299 2790 423 2847 humum
435 2790 541 2860 fodito,
562 2790 672 2866 primus
686 2792 806 2849 deveaa
819 2793 927 2849 cremato

174 2896 332 2964 Sarmenta,
354 2901 383 2950 et
395 2892 484 2950 vallos
497 2892 606 2969 primus
619 2892 671 2950 sub
684 2893 760 2951 tedia
773 2894 889 2961 resert03

175 2997 333 3055 Postremus
346 2996 464 3053 metito:
486 2995 530 3053 bis
543 2995 651 3052 vitibus
663 2994 776 3071 ingruit
789 2997 898 3062 umbra5
963 2999 968 3006 ‘

175 3099 223 3156 Bis
236 3098 365 3175 segetem
378 3098 468 3156 densrs
481 3098 630 3155 obducunt
643 3097 771 3155 sentibus
783 3098 885 3156 herbae.

176 3202 274 3259 Durus
284 3210 406 3275 uterque
418 3202 506 3259 labor.
549 3202 678 3259 Laudato
692 3200 824 3277 iugentia
837 3215 905 3258 rura:

176 3303 322 3380 Exiguum
337 3304 434 3361 colito.
474 3304 539 3361 Nec
552 3322 611 3361 non
624 3303 713 3361 etiam
726 3303 824 3381 aspera
838 3300 885 3361 rus
895 3300 901 3312 '

175 3405 294 3465 Vimina
307 3424 358 3484 per
371 3406 480 3480 silvam,
500 3419 530 3465 et
542 3405 612 3484 ripis
625 3406 750 3465 fluvialis
763 3408 871 3465 arundo
