<?xml version="1.0" encoding="UTF-8"?>
<!DOCTYPE html PUBLIC "-//W3C//DTD XHTML 1.0 Transitional//EN"
    "http://www.w3.org/TR/xhtml1/DTD/xhtml1-transitional.dtd">
<html xmlns="http://www.w3.org/1999/xhtml" xml:lang="en" lang="en">
 <head>
  <title>
</title>
<meta http-equiv="Content-Type" content="text/html;charset=utf-8" />
  <meta name='ocr-system' content='tesseract 3.04.00' />
  <meta name='ocr-capabilities' content='ocr_page ocr_carea ocr_par ocr_line ocrx_word'/>
</head>
<body>
  <div class='ocr_page' id='page_1' title='image "./pvirgiliimaroni03marogoog/pvirgiliimaroni03marogoog_0268.png"; bbox 0 0 2250 4050; ppageno 0'>
   <div class='ocr_carea' id='block_1_1' title="bbox 234 455 1027 524">
    <p class='ocr_par' dir='ltr' id='par_1_1' title="bbox 234 455 1027 524">
     <span class='ocr_line' id='line_1_1' title="bbox 234 455 1027 524; baseline -0.013 -7"><span class='ocrx_word' id='word_1_1' title='bbox 234 457 293 517; x_wconf 69' lang='lat'>&#39;262</span> <span class='ocrx_word' id='word_1_2' title='bbox 494 455 774 524; x_wconf 84' lang='lat' dir='ltr'>AENEIDOS,</span> <span class='ocrx_word' id='word_1_3' title='bbox 929 457 1027 511; x_wconf 79' lang='lat' dir='ltr'><strong>v.³88.</strong></span> 
     </span>
    </p>
   </div>
   <div class='ocr_carea' id='block_1_2' title="bbox 234 611 1013 3349">
    <p class='ocr_par' dir='ltr' id='par_1_2' title="bbox 234 611 992 994">
     <span class='ocr_line' id='line_1_2' title="bbox 234 611 936 689; baseline -0.004 -19"><span class='ocrx_word' id='word_1_4' title='bbox 234 612 322 689; x_wconf 82' lang='lat' dir='ltr'>Signa</span> <span class='ocrx_word' id='word_1_5' title='bbox 335 612 392 670; x_wconf 89' lang='lat' dir='ltr'>tibi</span> <span class='ocrx_word' id='word_1_6' title='bbox 404 613 515 683; x_wconf 69' lang='lat' dir='ltr'>dicam</span> <span class='ocrx_word' id='word_1_7' title='bbox 538 622 571 670; x_wconf 91' lang='lat' dir='ltr'>tu</span> <span class='ocrx_word' id='word_1_8' title='bbox 584 611 700 670; x_wconf 88' lang='lat' dir='ltr'>condita</span> <span class='ocrx_word' id='word_1_9' title='bbox 714 619 816 669; x_wconf 87' lang='lat' dir='ltr'>mente</span> <span class='ocrx_word' id='word_1_10' title='bbox 828 619 936 668; x_wconf 86' lang='lat' dir='ltr'>teneto.</span> 
     </span>
     <span class='ocr_line' id='line_1_3' title="bbox 235 712 992 782; baseline -0.003 -10"><span class='ocrx_word' id='word_1_11' title='bbox 235 716 338 772; x_wconf 76' lang='lat' dir='ltr'>Quum</span> <span class='ocrx_word' id='word_1_12' title='bbox 353 714 406 773; x_wconf 87' lang='lat' dir='ltr'>tibi</span> <span class='ocrx_word' id='word_1_13' title='bbox 420 714 551 782; x_wconf 85' lang='lat' dir='ltr'>sollicito,</span> <span class='ocrx_word' id='word_1_14' title='bbox 571 715 671 772; x_wconf 82' lang='lat' dir='ltr'><strong>secreti</strong></span> <span class='ocrx_word' id='word_1_15' title='bbox 685 715 722 772; x_wconf 90' lang='lat' dir='ltr'>ad</span> <span class='ocrx_word' id='word_1_16' title='bbox 739 712 870 771; x_wconf 88' lang='lat' dir='ltr'>fluminis</span> <span class='ocrx_word' id='word_1_17' title='bbox 883 714 992 779; x_wconf 86' lang='lat' dir='ltr'>undam,</span> 
     </span>
     <span class='ocr_line' id='line_1_4' title="bbox 236 815 865 892; baseline -0.003 -18"><span class='ocrx_word' id='word_1_18' title='bbox 236 816 358 875; x_wconf 85' lang='lat' dir='ltr'>Litoreis</span> <span class='ocrx_word' id='word_1_19' title='bbox 371 816 474 892; x_wconf 84' lang='lat' dir='ltr'>ingens</span> <span class='ocrx_word' id='word_1_20' title='bbox 486 817 603 874; x_wconf 89' lang='lat' dir='ltr'>inventa</span> <span class='ocrx_word' id='word_1_21' title='bbox 616 816 668 874; x_wconf 92' lang='lat' dir='ltr'>sub</span> <span class='ocrx_word' id='word_1_22' title='bbox 680 815 796 874; x_wconf 78' lang='lat' dir='ltr'>ilicibus</span> <span class='ocrx_word' id='word_1_23' title='bbox 809 815 865 883; x_wconf 83' lang='lat' dir='ltr'>sus,</span> 
     </span>
     <span class='ocr_line' id='line_1_5' title="bbox 236 917 847 994; baseline -0.002 -17"><span class='ocrx_word' id='word_1_24' title='bbox 236 918 369 994; x_wconf 82' lang='lat' dir='ltr'>Triginta</span> <span class='ocrx_word' id='word_1_25' title='bbox 383 918 513 994; x_wconf 88' lang='lat' dir='ltr'>capitum</span> <span class='ocrx_word' id='word_1_26' title='bbox 525 919 601 977; x_wconf 89' lang='lat' dir='ltr'>setus</span> <span class='ocrx_word' id='word_1_27' title='bbox 613 919 709 988; x_wconf 87' lang='lat' dir='ltr'>enixa,</span> <span class='ocrx_word' id='word_1_28' title='bbox 727 917 847 994; x_wconf 89' lang='lat' dir='ltr'>jacebit,</span> 
     </span>
    </p>

    <p class='ocr_par' dir='ltr' id='par_1_3' title="bbox 237 1018 987 1813">
     <span class='ocr_line' id='line_1_6' title="bbox 237 1018 955 1089; baseline -0.003 -11"><span class='ocrx_word' id='word_1_29' title='bbox 237 1021 324 1089; x_wconf 87' lang='lat' dir='ltr'>Alba,</span> <span class='ocrx_word' id='word_1_30' title='bbox 343 1020 401 1078; x_wconf 92' lang='lat' dir='ltr'>solo</span> <span class='ocrx_word' id='word_1_31' title='bbox 415 1022 561 1089; x_wconf 84' lang='lat' dir='ltr'>recubans,</span> <span class='ocrx_word' id='word_1_32' title='bbox 581 1021 641 1078; x_wconf 84' lang='lat' dir='ltr'>albi</span> <span class='ocrx_word' id='word_1_33' title='bbox 654 1021 764 1078; x_wconf 86' lang='lat' dir='ltr'>circum</span> <span class='ocrx_word' id='word_1_34' title='bbox 778 1023 868 1078; x_wconf 87' lang='lat' dir='ltr'>ubera</span> <span class='ocrx_word' id='word_1_35' title='bbox 882 1018 955 1089; x_wconf 81' lang='lat' dir='ltr'>nati;</span> 
     </span>
     <span class='ocr_line' id='line_1_7' title="bbox 237 1123 945 1200; baseline -0.001 -20"><span class='ocrx_word' id='word_1_36' title='bbox 237 1125 265 1180; x_wconf 90' lang='lat' dir='ltr'>Is</span> <span class='ocrx_word' id='word_1_37' title='bbox 277 1124 358 1181; x_wconf 89' lang='lat' dir='ltr'>locus</span> <span class='ocrx_word' id='word_1_38' title='bbox 370 1124 447 1181; x_wconf 88' lang='lat' dir='ltr'>urbis</span> <span class='ocrx_word' id='word_1_39' title='bbox 460 1123 523 1192; x_wconf 90' lang='lat' dir='ltr'>erit,</span> <span class='ocrx_word' id='word_1_40' title='bbox 543 1124 656 1200; x_wconf 81' lang='lat' dir='ltr'>requies</span> <span class='ocrx_word' id='word_1_41' title='bbox 668 1143 703 1180; x_wconf 87' lang='lat' dir='ltr'>ea</span> <span class='ocrx_word' id='word_1_42' title='bbox 716 1134 795 1180; x_wconf 89' lang='lat' dir='ltr'>certa</span> <span class='ocrx_word' id='word_1_43' title='bbox 807 1123 945 1180; x_wconf 88' lang='lat' dir='ltr'>laborum.</span> 
     </span>
     <span class='ocr_line' id='line_1_8' title="bbox 237 1224 931 1295; baseline -0.003 -12"><span class='ocrx_word' id='word_1_44' title='bbox 237 1226 303 1283; x_wconf 86' lang='lat' dir='ltr'>Nec</span> <span class='ocrx_word' id='word_1_45' title='bbox 316 1234 349 1283; x_wconf 92' lang='lat' dir='ltr'>tu</span> <span class='ocrx_word' id='word_1_46' title='bbox 361 1224 525 1284; x_wconf 89' lang='lat' dir='ltr'>mensarum</span> <span class='ocrx_word' id='word_1_47' title='bbox 538 1225 647 1284; x_wconf 90' lang='lat' dir='ltr'>morsus</span> <span class='ocrx_word' id='word_1_48' title='bbox 659 1225 791 1283; x_wconf 86' lang='lat' dir='ltr'>horresce</span> <span class='ocrx_word' id='word_1_49' title='bbox 804 1225 916 1282; x_wconf 88' lang='lat' dir='ltr'>futuros</span> <span class='ocrx_word' id='word_1_50' title='bbox 922 1249 931 1295; x_wconf 76' lang='lat'>3</span> 
     </span>
     <span class='ocr_line' id='line_1_9' title="bbox 237 1327 987 1405; baseline -0.003 -19"><span class='ocrx_word' id='word_1_51' title='bbox 237 1329 307 1386; x_wconf 89' lang='lat' dir='ltr'>Fata</span> <span class='ocrx_word' id='word_1_52' title='bbox 319 1327 397 1385; x_wconf 90' lang='lat' dir='ltr'>viam</span> <span class='ocrx_word' id='word_1_53' title='bbox 413 1327 573 1396; x_wconf 85' lang='lat' dir='ltr'>invenient,</span> <span class='ocrx_word' id='word_1_54' title='bbox 592 1327 741 1404; x_wconf 86' lang='lat' dir='ltr'>aderitque</span> <span class='ocrx_word' id='word_1_55' title='bbox 753 1338 872 1386; x_wconf 85' lang='lat' dir='ltr'>vocatus</span> <span class='ocrx_word' id='word_1_56' title='bbox 885 1327 987 1405; x_wconf 86' lang='lat' dir='ltr'>Apollo.</span> 
     </span>
     <span class='ocr_line' id='line_1_10' title="bbox 238 1429 956 1505; baseline -0.003 -17"><span class='ocrx_word' id='word_1_57' title='bbox 238 1430 300 1488; x_wconf 89' lang='lat' dir='ltr'>Has</span> <span class='ocrx_word' id='word_1_58' title='bbox 313 1439 410 1488; x_wconf 80' lang='lat' dir='ltr'>autern</span> <span class='ocrx_word' id='word_1_59' title='bbox 424 1437 520 1498; x_wconf 88' lang='lat' dir='ltr'>terras,</span> <span class='ocrx_word' id='word_1_60' title='bbox 541 1430 666 1505; x_wconf 84' lang='lat' dir='ltr'>Italique</span> <span class='ocrx_word' id='word_1_61' title='bbox 678 1430 753 1488; x_wconf 90' lang='lat' dir='ltr'>banc</span> <span class='ocrx_word' id='word_1_62' title='bbox 766 1429 860 1488; x_wconf 89' lang='lat' dir='ltr'>litoris</span> <span class='ocrx_word' id='word_1_63' title='bbox 872 1449 956 1499; x_wconf 88' lang='lat' dir='ltr'>oram,</span> 
     </span>
     <span class='ocr_line' id='line_1_11' title="bbox 239 1532 961 1608; baseline 0 -18"><span class='ocrx_word' id='word_1_64' title='bbox 239 1532 371 1592; x_wconf 85' lang='lat' dir='ltr'>Proxima</span> <span class='ocrx_word' id='word_1_65' title='bbox 384 1551 448 1607; x_wconf 80' lang='lat' dir='ltr'>quae</span> <span class='ocrx_word' id='word_1_66' title='bbox 460 1532 547 1589; x_wconf 86' lang='lat' dir='ltr'>nostri</span> <span class='ocrx_word' id='word_1_67' title='bbox 559 1533 744 1608; x_wconf 85' lang='lat' dir='ltr'>perfunditur</span> <span class='ocrx_word' id='word_1_68' title='bbox 756 1533 880 1608; x_wconf 85' lang='lat' dir='ltr'>aequoris</span> <span class='ocrx_word' id='word_1_69' title='bbox 892 1533 961 1599; x_wconf 80' lang='lat' dir='ltr'>aestu,</span> 
     </span>
     <span class='ocr_line' id='line_1_12' title="bbox 239 1633 987 1712; baseline -0.005 -20"><span class='ocrx_word' id='word_1_70' title='bbox 239 1635 358 1712; x_wconf 86' lang='lat' dir='ltr'>Effuge:</span> <span class='ocrx_word' id='word_1_71' title='bbox 381 1635 483 1693; x_wconf 67' lang='lat' dir='ltr'>causta</span> <span class='ocrx_word' id='word_1_72' title='bbox 497 1635 580 1692; x_wconf 89' lang='lat' dir='ltr'>malis</span> <span class='ocrx_word' id='word_1_73' title='bbox 592 1634 760 1692; x_wconf 81' lang='lat' dir='ltr'>habitantur</span> <span class='ocrx_word' id='word_1_74' title='bbox 776 1635 886 1693; x_wconf 76' lang='lat' dir='ltr'>moenia</span> <span class='ocrx_word' id='word_1_75' title='bbox 898 1633 987 1693; x_wconf 82' lang='lat' dir='ltr'>Graiis.</span> 
     </span>
     <span class='ocr_line' id='line_1_13' title="bbox 238 1736 876 1813; baseline -0.003 -17"><span class='ocrx_word' id='word_1_76' title='bbox 238 1738 298 1796; x_wconf 88' lang='lat' dir='ltr'>Hic</span> <span class='ocrx_word' id='word_1_77' title='bbox 311 1746 341 1794; x_wconf 92' lang='lat' dir='ltr'>et</span> <span class='ocrx_word' id='word_1_78' title='bbox 353 1736 475 1813; x_wconf 87' lang='lat' dir='ltr'>Narycii</span> <span class='ocrx_word' id='word_1_79' title='bbox 487 1737 644 1813; x_wconf 88' lang='lat' dir='ltr'>posuerunt</span> <span class='ocrx_word' id='word_1_80' title='bbox 656 1737 764 1795; x_wconf 87' lang='lat' dir='ltr'>moenia</span> <span class='ocrx_word' id='word_1_81' title='bbox 779 1738 876 1807; x_wconf 79' lang='lat' dir='ltr'>locri,</span> 
     </span>
    </p>

    <p class='ocr_par' dir='ltr' id='par_1_4' title="bbox 239 1838 822 1916">
     <span class='ocr_line' id='line_1_14' title="bbox 239 1838 822 1916; baseline -0.002 -18"><span class='ocrx_word' id='word_1_82' title='bbox 239 1841 277 1898; x_wconf 91' lang='lat' dir='ltr'>Et</span> <span class='ocrx_word' id='word_1_83' title='bbox 291 1839 460 1899; x_wconf 81' lang='lat' dir='ltr'>Sallentinos</span> <span class='ocrx_word' id='word_1_84' title='bbox 473 1839 585 1897; x_wconf 89' lang='lat' dir='ltr'>obsedit</span> <span class='ocrx_word' id='word_1_85' title='bbox 598 1838 691 1896; x_wconf 88' lang='lat' dir='ltr'>milite</span> <span class='ocrx_word' id='word_1_86' title='bbox 703 1858 822 1916; x_wconf 89' lang='lat' dir='ltr'>campos</span> 
     </span>
    </p>

    <p class='ocr_par' dir='ltr' id='par_1_5' title="bbox 239 1942 930 2107">
     <span class='ocr_line' id='line_1_15' title="bbox 240 1942 930 2021; baseline 0 -20"><span class='ocrx_word' id='word_1_87' title='bbox 240 1945 357 2021; x_wconf 71' lang='lat' dir='ltr'>Lystius</span> <span class='ocrx_word' id='word_1_88' title='bbox 370 1943 556 2001; x_wconf 86' lang='lat' dir='ltr'>Idomeneus:</span> <span class='ocrx_word' id='word_1_89' title='bbox 578 1942 627 2000; x_wconf 92' lang='lat' dir='ltr'>bic</span> <span class='ocrx_word' id='word_1_90' title='bbox 639 1942 691 2001; x_wconf 90' lang='lat' dir='ltr'>illa</span> <span class='ocrx_word' id='word_1_91' title='bbox 704 1943 786 2001; x_wconf 87' lang='lat' dir='ltr'>ducis</span> <span class='ocrx_word' id='word_1_92' title='bbox 798 1943 930 2001; x_wconf 83' lang='lat' dir='ltr'>Meliboei</span> 
     </span>
     <span class='ocr_line' id='line_1_16' title="bbox 239 2046 869 2107; baseline 0.003 -3"><span class='ocrx_word' id='word_1_93' title='bbox 239 2048 327 2105; x_wconf 87' lang='lat' dir='ltr'>Parva</span> <span class='ocrx_word' id='word_1_94' title='bbox 343 2046 505 2105; x_wconf 73' lang='lat' dir='ltr'>Philottetae</span> <span class='ocrx_word' id='word_1_95' title='bbox 519 2046 639 2104; x_wconf 88' lang='lat' dir='ltr'>subnixa</span> <span class='ocrx_word' id='word_1_96' title='bbox 653 2046 761 2104; x_wconf 77' lang='lat' dir='ltr'>Petelia</span> <span class='ocrx_word' id='word_1_97' title='bbox 773 2066 869 2107; x_wconf 91' lang='lat' dir='ltr'>muro.</span> 
     </span>
    </p>

    <p class='ocr_par' dir='ltr' id='par_1_6' title="bbox 240 2143 1013 2431">
     <span class='ocr_line' id='line_1_17' title="bbox 241 2143 1013 2227; baseline 0.001 -21"><span class='ocrx_word' id='word_1_98' title='bbox 241 2149 334 2218; x_wconf 76' lang='lat' dir='ltr'>Quin,</span> <span class='ocrx_word' id='word_1_99' title='bbox 345 2148 397 2205; x_wconf 93' lang='lat' dir='ltr'>ubi</span> <span class='ocrx_word' id='word_1_100' title='bbox 408 2147 574 2205; x_wconf 70' lang='lat' dir='ltr'>transmissae</span> <span class='ocrx_word' id='word_1_101' title='bbox 584 2148 712 2207; x_wconf 87' lang='lat' dir='ltr'>steterint</span> <span class='ocrx_word' id='word_1_102' title='bbox 724 2158 802 2208; x_wconf 85' lang='lat' dir='ltr'>trans</span> <span class='ocrx_word' id='word_1_103' title='bbox 812 2170 924 2227; x_wconf 84' lang='lat' dir='ltr'>aequora</span> <span class='ocrx_word' id='word_1_104' title='bbox 932 2143 1013 2207; x_wconf 69' lang='lat' dir='ltr'>claffo</span> 
     </span>
     <span class='ocr_line' id='line_1_18' title="bbox 241 2249 862 2327; baseline 0.005 -18"><span class='ocrx_word' id='word_1_105' title='bbox 241 2254 280 2309; x_wconf 90' lang='lat' dir='ltr'>Et</span> <span class='ocrx_word' id='word_1_106' title='bbox 292 2250 388 2327; x_wconf 79' lang='lat' dir='ltr'>postis</span> <span class='ocrx_word' id='word_1_107' title='bbox 401 2250 456 2308; x_wconf 89' lang='lat' dir='ltr'>aris</span> <span class='ocrx_word' id='word_1_108' title='bbox 465 2249 526 2326; x_wconf 87' lang='lat' dir='ltr'>jam</span> <span class='ocrx_word' id='word_1_109' title='bbox 539 2260 607 2308; x_wconf 89' lang='lat' dir='ltr'>vota</span> <span class='ocrx_word' id='word_1_110' title='bbox 618 2251 651 2309; x_wconf 91' lang='lat' dir='ltr'>in</span> <span class='ocrx_word' id='word_1_111' title='bbox 665 2252 747 2309; x_wconf 90' lang='lat' dir='ltr'>litore</span> <span class='ocrx_word' id='word_1_112' title='bbox 760 2253 862 2323; x_wconf 86' lang='lat' dir='ltr'>solves,</span> 
     </span>
     <span class='ocr_line' id='line_1_19' title="bbox 240 2353 901 2431; baseline 0.002 -18"><span class='ocrx_word' id='word_1_113' title='bbox 240 2356 385 2430; x_wconf 87' lang='lat' dir='ltr'>Purpureo</span> <span class='ocrx_word' id='word_1_114' title='bbox 397 2353 490 2410; x_wconf 88' lang='lat' dir='ltr'>velare</span> <span class='ocrx_word' id='word_1_115' title='bbox 504 2372 601 2411; x_wconf 86' lang='lat' dir='ltr'>comas</span> <span class='ocrx_word' id='word_1_116' title='bbox 614 2355 764 2431; x_wconf 83' lang='lat' dir='ltr'>adopertus</span> <span class='ocrx_word' id='word_1_117' title='bbox 777 2356 901 2428; x_wconf 72' lang='lat' dir='ltr'>amictu3</span> 
     </span>
    </p>

    <p class='ocr_par' dir='ltr' id='par_1_7' title="bbox 239 2455 952 2627">
     <span class='ocr_line' id='line_1_20' title="bbox 239 2455 952 2533; baseline 0.003 -19"><span class='ocrx_word' id='word_1_118' title='bbox 239 2456 288 2514; x_wconf 88' lang='lat' dir='ltr'>Ne</span> <span class='ocrx_word' id='word_1_119' title='bbox 301 2476 358 2531; x_wconf 91' lang='lat' dir='ltr'>qua</span> <span class='ocrx_word' id='word_1_120' title='bbox 370 2455 446 2513; x_wconf 90' lang='lat' dir='ltr'>inter</span> <span class='ocrx_word' id='word_1_121' title='bbox 459 2455 567 2513; x_wconf 73' lang='lat' dir='ltr'>sansios</span> <span class='ocrx_word' id='word_1_122' title='bbox 579 2456 656 2533; x_wconf 79' lang='lat' dir='ltr'>ignis</span> <span class='ocrx_word' id='word_1_123' title='bbox 670 2457 702 2514; x_wconf 90' lang='lat' dir='ltr'>in</span> <span class='ocrx_word' id='word_1_124' title='bbox 714 2457 823 2515; x_wconf 88' lang='lat' dir='ltr'>bonore</span> <span class='ocrx_word' id='word_1_125' title='bbox 835 2460 952 2516; x_wconf 85' lang='lat' dir='ltr'>deorum</span> 
     </span>
     <span class='ocr_line' id='line_1_21' title="bbox 240 2558 893 2627; baseline 0.008 -11"><span class='ocrx_word' id='word_1_126' title='bbox 240 2559 360 2617; x_wconf 88' lang='lat' dir='ltr'>Hostilis</span> <span class='ocrx_word' id='word_1_127' title='bbox 373 2558 459 2616; x_wconf 87' lang='lat' dir='ltr'>facies</span> <span class='ocrx_word' id='word_1_128' title='bbox 471 2569 611 2627; x_wconf 90' lang='lat' dir='ltr'>occurrat,</span> <span class='ocrx_word' id='word_1_129' title='bbox 631 2570 661 2617; x_wconf 85' lang='lat' dir='ltr'>et</span> <span class='ocrx_word' id='word_1_130' title='bbox 673 2561 769 2620; x_wconf 89' lang='lat' dir='ltr'>omina</span> <span class='ocrx_word' id='word_1_131' title='bbox 784 2566 893 2621; x_wconf 87' lang='lat' dir='ltr'>turbet.</span> 
     </span>
    </p>

    <p class='ocr_par' dir='ltr' id='par_1_8' title="bbox 241 2660 989 2843">
     <span class='ocr_line' id='line_1_22' title="bbox 241 2660 989 2742; baseline 0.004 -24"><span class='ocrx_word' id='word_1_132' title='bbox 241 2662 331 2719; x_wconf 92' lang='lat' dir='ltr'>Hunc</span> <span class='ocrx_word' id='word_1_133' title='bbox 344 2660 412 2719; x_wconf 91' lang='lat' dir='ltr'>socii</span> <span class='ocrx_word' id='word_1_134' title='bbox 424 2680 533 2719; x_wconf 89' lang='lat' dir='ltr'>morem</span> <span class='ocrx_word' id='word_1_135' title='bbox 547 2662 699 2732; x_wconf 90' lang='lat' dir='ltr'>sacrorum,</span> <span class='ocrx_word' id='word_1_136' title='bbox 720 2663 798 2723; x_wconf 91' lang='lat' dir='ltr'>hunc</span> <span class='ocrx_word' id='word_1_137' title='bbox 812 2665 873 2742; x_wconf 87' lang='lat' dir='ltr'>ipse</span> <span class='ocrx_word' id='word_1_138' title='bbox 887 2673 989 2733; x_wconf 86' lang='lat' dir='ltr'>teneto;</span> 
     </span>
     <span class='ocr_line' id='line_1_23' title="bbox 241 2764 872 2843; baseline 0.005 -21"><span class='ocrx_word' id='word_1_139' title='bbox 241 2765 307 2822; x_wconf 88' lang='lat' dir='ltr'>Hae</span> <span class='ocrx_word' id='word_1_140' title='bbox 319 2764 384 2822; x_wconf 89' lang='lat' dir='ltr'>casti</span> <span class='ocrx_word' id='word_1_141' title='bbox 398 2774 533 2821; x_wconf 91' lang='lat' dir='ltr'>maneant</span> <span class='ocrx_word' id='word_1_142' title='bbox 545 2764 577 2821; x_wconf 91' lang='lat' dir='ltr'>in</span> <span class='ocrx_word' id='word_1_143' title='bbox 590 2765 730 2841; x_wconf 86' lang='lat' dir='ltr'>religione</span> <span class='ocrx_word' id='word_1_144' title='bbox 743 2779 872 2843; x_wconf 89' lang='lat' dir='ltr'>nepotes.</span> 
     </span>
    </p>

    <p class='ocr_par' dir='ltr' id='par_1_9' title="bbox 239 2866 1008 3349">
     <span class='ocr_line' id='line_1_24' title="bbox 240 2866 945 2943; baseline 0.006 -19"><span class='ocrx_word' id='word_1_145' title='bbox 240 2868 302 2936; x_wconf 88' lang='lat' dir='ltr'>Ast,</span> <span class='ocrx_word' id='word_1_146' title='bbox 323 2866 374 2924; x_wconf 91' lang='lat' dir='ltr'>ubi</span> <span class='ocrx_word' id='word_1_147' title='bbox 387 2866 541 2943; x_wconf 76' lang='lat' dir='ltr'>digressum</span> <span class='ocrx_word' id='word_1_148' title='bbox 554 2867 657 2925; x_wconf 87' lang='lat' dir='ltr'>Siculae</span> <span class='ocrx_word' id='word_1_149' title='bbox 671 2878 699 2925; x_wconf 89' lang='lat' dir='ltr'>te</span> <span class='ocrx_word' id='word_1_150' title='bbox 713 2871 878 2928; x_wconf 86' lang='lat' dir='ltr'>admoverit</span> <span class='ocrx_word' id='word_1_151' title='bbox 891 2891 945 2928; x_wconf 82' lang='lat' dir='ltr'>orte</span> 
     </span>
     <span class='ocr_line' id='line_1_25' title="bbox 240 2968 937 3045; baseline 0.007 -20"><span class='ocrx_word' id='word_1_152' title='bbox 240 2969 363 3039; x_wconf 89' lang='lat' dir='ltr'>Ventus,</span> <span class='ocrx_word' id='word_1_153' title='bbox 383 2978 413 3025; x_wconf 92' lang='lat' dir='ltr'>et</span> <span class='ocrx_word' id='word_1_154' title='bbox 425 2968 537 3045; x_wconf 86' lang='lat' dir='ltr'>angusti</span> <span class='ocrx_word' id='word_1_155' title='bbox 551 2968 690 3027; x_wconf 88' lang='lat' dir='ltr'>rarescent</span> <span class='ocrx_word' id='word_1_156' title='bbox 703 2971 820 3029; x_wconf 84' lang='lat' dir='ltr'>claustra</span> <span class='ocrx_word' id='word_1_157' title='bbox 836 2973 937 3044; x_wconf 87' lang='lat' dir='ltr'>Pelori,</span> 
     </span>
     <span class='ocr_line' id='line_1_26' title="bbox 242 3070 888 3150; baseline 0.005 -22"><span class='ocrx_word' id='word_1_158' title='bbox 242 3071 327 3129; x_wconf 85' lang='lat' dir='ltr'>Laeva</span> <span class='ocrx_word' id='word_1_159' title='bbox 342 3070 395 3128; x_wconf 88' lang='lat' dir='ltr'>tibi</span> <span class='ocrx_word' id='word_1_160' title='bbox 409 3070 501 3137; x_wconf 88' lang='lat' dir='ltr'>tellus,</span> <span class='ocrx_word' id='word_1_161' title='bbox 522 3079 551 3127; x_wconf 89' lang='lat' dir='ltr'>et</span> <span class='ocrx_word' id='word_1_162' title='bbox 564 3071 652 3146; x_wconf 88' lang='lat' dir='ltr'>longo</span> <span class='ocrx_word' id='word_1_163' title='bbox 664 3072 736 3129; x_wconf 85' lang='lat' dir='ltr'>laeva</span> <span class='ocrx_word' id='word_1_164' title='bbox 750 3082 888 3150; x_wconf 88' lang='lat' dir='ltr'>petantur</span> 
     </span>
     <span class='ocr_line' id='line_1_27' title="bbox 239 3171 1008 3251; baseline 0.003 -22"><span class='ocrx_word' id='word_1_165' title='bbox 239 3172 372 3247; x_wconf 88' lang='lat' dir='ltr'>AEquora</span> <span class='ocrx_word' id='word_1_166' title='bbox 385 3171 520 3229; x_wconf 78' lang='lat' dir='ltr'>circuitu:</span> <span class='ocrx_word' id='word_1_167' title='bbox 543 3172 762 3251; x_wconf 83' lang='lat' dir='ltr'>dextrumsuge</span> <span class='ocrx_word' id='word_1_168' title='bbox 778 3174 859 3244; x_wconf 85' lang='lat' dir='ltr'>litus,</span> <span class='ocrx_word' id='word_1_169' title='bbox 879 3186 909 3235; x_wconf 88' lang='lat' dir='ltr'>et</span> <span class='ocrx_word' id='word_1_170' title='bbox 923 3176 1008 3234; x_wconf 83' lang='lat' dir='ltr'>undas.</span> 
     </span>
     <span class='ocr_line' id='line_1_28' title="bbox 239 3274 986 3349; baseline 0.003 -16"><span class='ocrx_word' id='word_1_171' title='bbox 239 3275 313 3333; x_wconf 85' lang='lat' dir='ltr'>Haec</span> <span class='ocrx_word' id='word_1_172' title='bbox 326 3274 398 3343; x_wconf 85' lang='lat' dir='ltr'>loca,</span> <span class='ocrx_word' id='word_1_173' title='bbox 418 3274 448 3332; x_wconf 85' lang='lat' dir='ltr'>vi</span> <span class='ocrx_word' id='word_1_174' title='bbox 461 3274 608 3349; x_wconf 92' lang='lat' dir='ltr'>quondam</span> <span class='ocrx_word' id='word_1_175' title='bbox 620 3283 651 3332; x_wconf 90' lang='lat' dir='ltr'>et</span> <span class='ocrx_word' id='word_1_176' title='bbox 662 3275 739 3333; x_wconf 72' lang='lat' dir='ltr'>vasta</span> <span class='ocrx_word' id='word_1_177' title='bbox 752 3278 887 3336; x_wconf 82' lang='lat' dir='ltr'>convolsa</span> <span class='ocrx_word' id='word_1_178' title='bbox 900 3278 986 3348; x_wconf 79' lang='lat' dir='ltr'>ruinl,</span> 
     </span>
    </p>
   </div>
   <div class='ocr_carea' id='block_1_3' title="bbox 236 3376 964 3455">
    <p class='ocr_par' dir='ltr' id='par_1_10' title="bbox 236 3376 964 3455">
     <span class='ocr_line' id='line_1_29' title="bbox 236 3376 964 3455; baseline -0.023 -13"><span class='ocrx_word' id='word_1_179' title='bbox 236 3381 373 3448; x_wconf 81' lang='lat' dir='ltr'>Tantum</span> <span class='ocrx_word' id='word_1_180' title='bbox 385 3378 444 3441; x_wconf 75' lang='lat' dir='ltr'>aesi</span> <span class='ocrx_word' id='word_1_181' title='bbox 451 3376 618 3455; x_wconf 71' lang='lat' dir='ltr'>longinqua</span> <span class='ocrx_word' id='word_1_182' title='bbox 625 3376 964 3440; x_wconf 53' lang='lat' dir='ltr'>uolumenum!</span> 
     </span>
    </p>
   </div>
   <div class='ocr_carea' id='block_1_4' title="bbox 0 0 1141 4050">
    <p class='ocr_par' dir='ltr' id='par_1_11' title="bbox 0 0 1141 4050">
     <span class='ocr_line' id='line_1_30' title="bbox 0 0 1141 4050; baseline 0 0"><span class='ocrx_word' id='word_1_183' title='bbox 0 0 1141 4050; x_wconf 95' lang='lat' dir='ltr'> </span> 
     </span>
    </p>
   </div>
  </div>
 </body>
</html>
