2250 4050
222 458 279 523 loo
455 449 792 523 GEORGICON,
915 455 1004 509 ndu

220 607 369 687 Idaeasque
382 606 469 685 pices,
489 617 519 666 et
531 599 647 686 pinguis
660 608 793 685 unguine
805 627 891 679 ceras,

222 710 405 786 Scillamque‚
425 711 622 789 elleborosque
641 711 744 788 gravis,
764 711 935 789 nigrumque
945 707 1003 766 bitu·

263 868 268 878 ,
302 832 382 874 men.

223 917 255 974 N
256 936 294 989 on
304 927 401 975 tamen
408 896 468 976 ulla
476 917 570 996 magis
576 918 698 996 praesens
711 918 829 977 fortuna
839 912 1002 980 laborumel,

226 1021 325 1078 Quam
339 1021 360 1077 s1
373 1019 437 1096 quis
450 1021 525 1080 ferro
537 1021 633 1098 potuit
645 1020 806 1079 rescindere
818 1020 956 1079 summurn

223 1123 337 1182 Ulceris
350 1144 395 1181 os:
417 1124 501 1182 aliter
513 1122 627 1195 vitium,
641 1123 772 1200 vivitque
785 1125 910 1201 tegendo
914 1148 922 1195 ς

220 1225 302 1288 Dum
314 1226 439 1285 medicas
452 1227 587 1285 adbibere
600 1246 701 1285 manus
715 1228 752 1284 ad
766 1228 888 1286 vulnera
900 1225 979 1304 pastor

150 1360 152 1364 =
220 1330 368 1406 Abnegat,
390 1339 440 1388 aut
453 1330 571 1388 meliora
584 1331 650 1388 deos
662 1329 741 1387 sedet
753 1331 854 1388 omina
866 1329 920 1407 pos
972 1367 979 1383 .

223 1432 306 1490 Quin
321 1432 418 1500 etiarn,
439 1433 498 1491 ima
511 1434 591 1492 dolor
603 1433 753 1491 balantum
765 1431 861 1510 lapsus
873 1434 909 1491 ad
920 1429 967 1489 offa

222 1535 325 1600 Quum
338 1534 417 1604 furit,
439 1543 526 1611 atque
539 1545 615 1593 artus
629 1534 792 1612 depascitur
805 1535 886 1594 arida
895 1532 979 1600 febris,
1039 1582 1043 1605 ,

221 1637 333 1707 Profuit
348 1637 478 1696 incensor
490 1638 571 1695 aestus
584 1647 720 1707 avertere,
740 1647 770 1696 et
784 1638 863 1696 inter

221 1741 284 1811 lma
298 1741 384 1798 ferire
397 1741 476 1816 pedis
489 1741 638 1798 salientem
650 1741 789 1817 sanguine
802 1760 919 1800 venam:

221 1843 336 1915 Bisaltae
348 1863 405 1919 quo
418 1843 612 1923 more'solent,
633 1863 754 1919 acerque
766 1845 903 1913 Gelonus,

221 1947 324 2003 Quum
333 1946 410 2022 sugit
419 1946 449 2002 in
457 1946 615 2022 Rhodopen
623 1955 709 2023 atque
718 1945 749 2004 in
759 1946 869 2006 deserta
877 1948 1001 2007 Getarum,

220 2049 259 2106 Et
272 2050 317 2105 lac
330 2060 500 2108 concretum
512 2070 579 2107 cum
593 2048 730 2127 sanguine
742 2060 827 2127 potat
839 2052 949 2129 equino.

238 2219 240 2224 y
260 2152 360 2209 Quam
370 2154 470 2229 procul
484 2163 533 2212 aut
547 2153 630 2211 molli
642 2153 793 2211 succedere
805 2154 906 2232 saepius
915 2153 1000 2212 umbra

218 2254 343 2325 Videris,
364 2267 415 2313 aut
428 2257 551 2314 summas
565 2266 732 2333 camertem
743 2257 879 2335 ignavius
891 2258 984 2320 herbas,

218 2358 443 2434 Extremamque
452 2358 539 2436 sequI,
551 2370 602 2417 aut
611 2359 709 2418 medio
718 2364 908 2436 procumbere
918 2369 999 2431 camp⁰

218 2462 392 2531 Pascentem,
414 2471 444 2519 et
457 2463 524 2520 serae
537 2462 627 2520 solam
640 2462 776 2521 decedere
788 2464 868 2522 nosli
874 2490 884 2538 3

218 2565 367 2624 Continuo
380 2567 495 2643 culpam
508 2567 583 2624 serro
597 2564 743 2643 conpesce,
762 2567 842 2643 prius
854 2586 939 2643 quam

217 2667 290 2725 Dira
303 2687 354 2744 per
367 2668 517 2727 incautum
531 2668 644 2745 serpant
657 2670 791 2746 contagia
805 2671 915 2748 volgus.

112 2821 120 2831 .
218 2772 251 2829 N
252 2792 289 2830 on
304 2780 364 2830 tam
377 2773 476 2829 creber
488 2791 576 2848 agens
589 2772 716 2829 hiemem
729 2773 788 2829 ruit
801 2793 915 2851 aequora
927 2770 999 2831 turbo

218 2876 318 2932 Quam
332 2875 433 2932 multae
449 2875 595 2950 pecudum
608 2875 710 2950 pestes:
738 2894 792 2933 nec
806 2876 915 2955 singula
928 2863 1000 2935 morbi

218 2979 345 3055 Corpora
359 2978 540 3055 0011ripiunt;
561 2977 610 3034 sed
624 2987 683 3035 tota
697 2977 793 3037 aestiva
806 2990 931 3057 repente,

216 3082 359 3157 Spemque
370 3099 546 3157 gregemque
558 3080 854 3160 simulcrumque
865 3087 900 3143 ab
910 3077 1000 3159 origin⁰

295 3194 422 3260 gentem,

213 3287 293 3345 Tum
306 3286 386 3361 sciat,
406 3289 494 3347 aerias
507 3287 602 3365 Alpis,
622 3300 651 3346 et
664 3290 772 3347 Norica
786 3292 807 3349 sr
820 3294 891 3368 quis.

213 3390 335 3464 Castella
345 3390 379 3463 in
393 3393 529 3484 tumulis,
542 3402 573 3460 et
586 3392 701 3486 lapydis
714 3412 781 3468 arva
794 3396 912 3458 Timavi
945 3459 957 3484 ·.
994 3439 1001 3451 .
