2250 4050
204 415 280 505 'ma
481 443 760 514 numos,
919 449 1008 514 vm.

219 601 336 658 Cornua
349 601 509 661 velatarum
520 600 698 660 obvertimus
712 607 915 667 antennarum,

218 700 474 780 Grajugenumquc
480 706 579 763 domos
585 703 772 781 suspectaque
778 701 938 778 linquimus
944 718 1005 759 arva.

258 804 339 867 Hinc
351 805 427 864 finus
441 806 588 875 Herculei,
608 806 629 864 fi
642 823 709 864 vera
722 805 763 863 est
776 805 866 874 sama,
878 801 984 862 Tarenti

220 906 364 965 Cernitur.
405 908 531 967 Adtollit
543 909 572 966 se
584 909 650 980 diva
664 906 784 966 Lacinia
796 917 906 975 contra,

219 1009 414 1085 Caulonisque
426 1029 511 1078 arces,
532 1019 562 1068 et
575 1010 758 1089 navifragum
772 1009 947 1086 Scylaceum.

217 1110 408 1187 Tumprocul
421 1130 438 1169 e
451 1111 544 1170 fluctu
554 1112 704 1171 Trinacria
717 1113 846 1171 cernitur
858 1112 954 1178 AEtna‚

218 1212 258 1269 Et
269 1212 414 1288 gemitum
425 1214 576 1290 Ingentem
587 1214 693 1292 pelagi,
713 1214 885 1290 pulsataque
897 1214 958 1273 sara

217 1312 363 1383 Audimus
376 1316 471 1391 longe,
491 1317 651 1394 fraslasque
663 1317 700 1375 ad
712 1316 800 1375 litora
812 1335 910 1387 voocs;

217 1416 426 1495 Exsultantque
438 1421 519 1489 vada,
540 1429 628 1496 atquo
639 1421 707 1478 aestu
719 1419 878 1479 miscentur
889 1437 983 1479 arene.

216 1521 255 1579 Et
267 1530 348 1597 pater
360 1521 514 1580 Anchises:
537 1522 688 1581 Nimirum
699 1522 762 1579 haec
776 1522 828 1580 illa
841 1520 992 1599 Charybdis
996 1543 1003 1590 5

216 1625 280 1683 Hos
292 1626 422 1683 Helenus
438 1625 576 1702 scopulos,
596 1625 658 1683 hacc
675 1625 742 1683 saxa
760 1624 913 1697 horrenda,
932 1639 1005 1682 mue·

295 1729 354 1785 bat.

215 1829 335 1907 Eripite,
355 1850 373 1888 o
386 1829 467 1889 sociil
490 1831 654 1908 pariterque
665 1829 807 1908 insurgite
820 1833 916 1891 remis.

216 1935 304 1992 Haud
314 1933 411 1993 minus
423 1954 457 1992 ac
465 1933 531 2011 juffi
545 1934 670 1993 faciunt:
684 1934 853 2010 primusque
861 1936 1005 1994 rudentem

215 2038 360 2102 Contorsit
373 2038 457 2096 laevas
469 2057 584 2113 proram
597 2038 743 2097 Palinurus
755 2039 793 2096 ad
805 2040 915 2111 undam

215 2142 331 2208 Laevarn
343 2141 446 2200 cunsta
459 2139 559 2198 cohors
573 2139 667 2209 remis,
687 2139 848 2217 ventisque,
869 2140 979 2219 petivit.

213 2243 357 2300 Tollimur
369 2242 400 2300 in
414 2242 520 2300 coelum
533 2252 651 2301 curvato
663 2242 787 2320 gurgite,
807 2253 839 2300 et
850 2243 931 2302 idem

214 2346 358 2408 Subdusti
369 2346 406 2402 ad
419 2343 517 2403 Manis
529 2344 602 2402 imos
615 2343 768 2403 defidimus
779 2345 869 2404 undu.
904 2337 906 2342 ¹

212 2448 272 2505 Ter
284 2448 391 2525 scopuli
405 2448 560 2505 clamorem
573 2446 649 2506 inter
658 2466 727 2505 cava
740 2445 807 2505 saxa
820 2448 939 2520 dedere;

211 2550 270 2607 Ter
283 2550 412 2626 spumam
426 2548 533 2616 elisam,
554 2558 585 2606 et
596 2548 721 2606 rorantia
734 2548 860 2608 vidimus
873 2551 952 2610 astra.

212 2652 325 2710 Interea
338 2652 420 2709 fessos
433 2661 535 2710 ventus
547 2670 615 2710 cum
629 2650 688 2709 sole
700 2650 833 2727 reliquit;

210 2754 365 2832 Ignarique
379 2753 433 2814 viae
446 2754 608 2831 Cyclopum
621 2753 782 2814 adlabimur
794 2754 862 2813 oris.
963 2808 966 2814 .

216 2891 226 2924 ·.
250 2860 349 2924 Portus
362 2859 398 2914 ab
411 2855 522 2916 adceffu
535 2865 687 2915 ventorum
699 2856 837 2927 inmotus,
851 2858 1008 2936 etflingens.

209 2960 286 3036 Ipsc;
308 2960 356 3018 sed
369 2958 509 3018 horrificis
518 2957 603 3035 juxta
616 2966 698 3018 tonat
710 2957 804 3016 AEtna
817 2958 919 3032 ruinis,

208 3063 414 3138 Interdumque
426 3071 517 3120 atram
528 3060 690 3137 prorumpit
701 3062 739 3118 ad
750 3060 858 3121 aethera
871 3065 989 3134 nubem,

207 3165 338 3232 Turbine
351 3166 511 3225 fumantem
525 3163 617 3239 piceo,
635 3172 667 3220 et
679 3163 822 3222 candente
834 3164 950 3226 favillis:

207 3266 393 3342 Adtollitque,
401 3267 500 3343 globos
512 3266 703 3335 flammarum,
722 3276 754 3323 et
765 3265 855 3326 sidera
868 3268 988 3328 lambit:

206 3371 356 3432 Interdum
368 3370 506 3448 scopulos,
526 3368 678 3444 avolsaque
690 3367 799 3429 viscera
811 3372 931 3445 montis,
