2250 4050
438 441 646 490 troruLAE.

137 588 203 648 geniis
219 586 314 633 aliorum
330 587 457 633 criticorum
472 586 511 632 ulle
525 585 675 640 confirmatas,
692 599 736 630 non
747 582 897 631 dubitavimus
914 585 938 632 iu

136 686 223 722 textum
233 675 362 721 admittere:
381 690 420 721 nec
430 675 450 720 se
460 670 547 736 proprii
561 675 609 719 luce
623 684 688 735 atque
701 668 807 732 elegantiri
822 673 939 720 iedlotibue

137 767 232 814 venustis
244 782 287 812 non
298 765 489 812 commendabunt.

168 857 225 903 Ver.
234 853 291 913 467.
308 856 435 902 Genuinam
444 853 532 912 Virgilii
544 867 638 898 manum
645 851 685 897 tibi
696 852 814 908 reddimus,
822 852 899 909 terror,
908 869 936 900 ex

138 940 270 1004 conjecturd.
312 941 444 1002 ‘Caligine,'
467 941 502 986 vel
521 939 640 995 uertebris,
663 940 744 1000 tegere'
763 939 823 986 redii
842 940 935 998 dixeria;

138 1031 195 1079 undd
206 1048 250 1079 nou
259 1031 364 1078 obstiterit
374 1029 497 1087 Petronius,
514 1029 551 1087 ric,
567 1026 593 1075 ni
604 1026 677 1082 fallor,
694 1029 846 1088 rescribendue,
859 1030 936 1078 eadem

139 1122 236 1183 prodigia
250 1120 359 1167 tradaris:

269 1239 464 1254 .........
482 1220 586 1268 namque,
597 1209 606 1237 ‘
612 1205 676 1252 orbe'
687 1216 778 1252 cruento

267 1295 411 1354 ‘Deformisf
427 1296 495 1343 Titan
505 1295 581 1341 vultus
592 1299 600 1325 ‘
606 1294 697 1354 caligine
707 1295 762 1340 texit
771 1294 787 1340 :'

138 1385 197 1434 undi
214 1383 285 1432 etidm
295 1382 364 1432 obitir
379 1385 447 1446 liquet
459 1382 576 1444 ‘eclipfin'
594 1398 638 1429 nou
655 1383 757 1443 intelligi.
792 1384 832 1430 Sed
850 1384 936 1433 ‘ferru.

136 1475 203 1536 giness
214 1475 257 1521 i.e.
268 1478 277 1505 ί
284 1473 368 1520 colore’
380 1473 485 1537 quodam,
497 1471 583 1534 (llidor.
594 1472 648 1532 orig.
659 1473 704 1518 xix.
722 1472 774 1535 28.)
782 1474 818 1520 vel
833 1475 937 1536 ‘pallore,

136 1565 223 1624 tegite,
239 1563 288 1625 quis
298 1561 413 1624 po'e'tarum
423 1561 492 1606 dixit?
511 1560 614 1617 Ovidius,
630 1560 726 1607 metir.
743 1573 800 1620 404.

269 1682 393 1700 ......
410 1666 417 1679 ·
426 1645 514 1696 obscuri
525 1649 621 1696 ‘tindlaa
631 1648 754 1709 ferrugine'
765 1651 869 1699 habenas:

137 1744 190 1789 ibid·
208 1759 249 1789 xv.
267 1740 321 1800 718.

267 1831 368 1878 Caerulus
377 1840 399 1876 et
410 1829 514 1876 ‘vultum
524 1828 646 1890 ferrugine'
657 1828 746 1877 Lucifer
754 1827 802 1878 atrai

267 1919 385 1982 ‘Sparsus'
398 1930 457 1967 erat:

137 2021 158 2060 et
173 2012 198 2059 ii.
215 2010 271 2073 798.

267 2132 367 2147 .....
383 2100 499 2163 pellusque
508 2114 586 2155 manu,
603 2106 612 2134 ⁴
621 2098 728 2161 ferrugine
738 2098 824 2160 riuti&

267 2191 357 2250 Tangit.

136 2281 255 2339 Martialis,
272 2296 293 2327 x.
312 2294 349 2342 33.

267 2402 393 2417 ......
410 2368 474 2414 viridi
486 2368 579 2415 ‘tindios
589 2370 698 2430 aemgine’
710 2373 789 2419 versus.

135 2464 188 2510 Non
208 2461 292 2509 alienus
306 2461 337 2506 est
353 2458 439 2505 Paulini
456 2458 481 2504 de
500 2459 525 2504 S.
543 2460 598 2523 Joh.
615 2461 681 2521 Bapt.
702 2476 747 2508 ver.
768 2473 820 2524 ης.
844 2464 935 2526 pulcher

135 2551 266 2599 versiculus:

267 2670 463 2685 .........
479 2638 554 2685 vultus
565 2638 654 2686 demissa
664 2640 761 2701 pudicae,

263 2728 360 2774 ‘Tinxit
369 2726 461 2773 suffuso’
474 2728 586 2775 rutilantes
597 2729 725 2789 ‘sanguiue'
738 2732 819 2779 malas:

135 2818 206 2867 confer
217 2817 335 2874 Ovidium,
345 2817 407 2879 epist,
418 2816 448 2862 iv.
466 2829 504 2874 72.
533 2819 585 2865 Non
596 2820 665 2866 aufim
676 2831 749 2867 tamen
760 2823 828 2869 celare
839 2822 934 2872 Probam

135 2909 269 2966 Falconiam,
286 2907 311 2954 de
322 2923 372 2953 nov.
383 2891 443 2953 ren.
453 2920 498 2952 ver.
508 2920 561 2967 312.
578 2924 617 2970 pro
628 2908 715 2969 vulgati
724 2911 790 2969 liare3
808 2911 843 2958 sed
851 2912 935 2960 librarii

135 2998 173 3045 hue
181 2998 241 3044 lusus
249 2997 277 3044 ad
287 3006 395 3058 receptam
406 2996 533 3058 scripturam
543 2995 607 3045 faciit
617 3009 772 3061 retorquerent·

169 3090 280 3144 Lucanus,
296 3086 337 3132 vii.
359 3086 412 3144 178.

264 3178 294 3223 Et
310 3176 416 3237 ‘pallere’
433 3176 506 3223 diem:

138 3278 162 3315 ut
173 3267 272 3317 Valerius
282 3267 380 3325 Flaccus,
397 3267 413 3314 i.
432 3278 462 3325 77
466 3279 487 3327 ς.

265 3389 413 3405 .......
431 3352 502 3403 multi
513 3360 522 3388 ‘
527 3356 610 3419 pallens
619 3356 738 3418 ferrugiue'
752 3366 838 3407 taunu-
