2250 4050
290 789 323 849 r.
351 788 577 848 vrnernrr
607 790 840 852 Manonrs
964 870 966 876 k

343 966 786 1062 AENEIDOS‚

396 1216 522 1294 mnan
543 1246 737 1296 nnanrus,

428 1487 711 1530 κ*-

166 1753 344 1838 Pomm
357 1798 401 1838 rea
414 1782 499 1850 Afiae,
520 1771 687 1860 Priamique
703 1793 830 1841 evertere
848 1788 966 1859 gentem

165 1879 341 1953 inmeritam,
361 1885 454 1945 visum
467 1889 590 1965 Superis,
610 1887 773 1963 ceciditque
786 1887 942 1963 superbum

165 1981 256 2057 Itium,
278 1997 309 2046 et
322 1989 416 2047 omnis
430 1989 519 2049 humo
532 1991 629 2050 fumat
639 1988 790 2067 Neptunia
803 1986 904 2065 Troja;

163 2086 279 2148 Diversa
293 2091 401 2161 exsilia,
421 2103 451 2151 et
462 2093 586 2152 desertas
598 2113 725 2170 quaerere
738 2104 835 2160 terras,

162 2193 300 2270 Auguriis
313 2194 428 2271 agimur
440 2196 554 2268 divom,
579 2194 752 2272 claffemque
766 2195 819 2253 sub
832 2193 894 2271 ipsi

160 2296 323 2365 Antandro,
343 2305 374 2355 et
386 2299 518 2375 Phrygiae
530 2299 668 2358 molimur
680 2298 830 2357 montibus
842 2297 917 2368 Idae,

157 2394 275 2467 Incerti,
297 2418 355 2474 quo
367 2400 427 2458 fata
440 2401 545 2472 ferant,
564 2402 616 2460 ubi
629 2391 722 2460 nitere
735 2402 834 2460 detur:

155 2500 422 2579 contrahimusque
434 2505 520 2564 viros.
540 2505 601 2564 Vix
614 2505 708 2582 prima
722 2504 867 2583 inceperat
877 2505 965 2575 aestas,

152 2602 190 2665 Et
203 2616 291 2684 pater
302 2605 443 2665 Anchises
456 2607 523 2673 dare
535 2607 604 2667 fatis
615 2607 679 2665 vela
688 2606 826 2686 jubebat;

151 2708 257 2769 Litora
270 2728 363 2784 quum
375 2709 475 2786 patriae
488 2710 641 2769 lacrimans
654 2720 809 2787 portusque
822 2708 964 2785 relinquo,

151 2810 191 2872 Et
205 2830 336 2888 campos,
356 2812 408 2869 ubi
420 2811 506 2889 Troja
520 2812 588 2871 fnit.
628 2814 714 2871 Feror
727 2812 808 2870 exsul
826 2812 857 2870 in
871 2813 964 2871 altum

151 2918 235 2977 Cum
248 2913 341 2983 sociis,
361 2923 496 2991 natoque,
517 2916 680 2986 Penatibus,
699 2926 730 2973 et
743 2916 856 2992 magnis
871 2916 924 2975 dis.

190 3020 287 3079 Terra
299 3017 400 3095 procul
413 3018 496 3076 vastis
509 3018 614 3077 colitur
626 3019 772 3078 Mavortia
786 3018 906 3095 campis,

149 3123 282 3188 Thraces
295 3138 388 3191 aram,
408 3121 468 3179 acri
482 3122 628 3198 quondam
641 3131 758 3198 regnata
772 3124 908 3199 Lycurgo
913 3146 923 3193 ς

150 3225 325 3304 Hospitium
337 3223 492 3300 antiquum
503 3223 609 3301 Trojae,
629 3224 756 3301 sociique
769 3228 898 3295 Penates,

151 3327 446 3403 Dumfortuuafuit.
488 3328 662 3403 Fercrhuc,
679 3328 919 3392 ethtnrecurnn
