2250 4050
119 448 221 534 'ou
415 458 750 533 ouonorcou,
880 457 984 534 vno

178 616 304 691 Hineejt
316 626 416 678 amant
428 619 532 679 fluvios
547 619 650 698 magis,
669 638 704 678 ac
716 616 812 696 magis
824 619 914 676 ubera
927 625 985 676 teu-

206 728 212 739 ’
257 722 341 793 dunt,

179 823 296 886 Ersalis
309 825 456 884 occultum
469 827 600 886 referunt
612 826 644 885 in
658 825 732 885 lade
745 825 889 904 saporem.

179 926 272 986 Multi
280 925 342 1006 jam
355 938 485 989 excretos
497 929 652 1008 prohibent
664 949 682 989 a
694 929 838 989 matribus
851 927 954 996 haedos,

179 1029 332 1108 Primaque
345 1031 456 1090 serratis
468 1033 625 1110 praefigunt
636 1051 686 1091 ora
698 1031 837 1110 capiibr‘s.

181 1136 271 1195 Quod
284 1136 417 1214 surgente
429 1138 477 1197 die
489 1137 612 1197 mulsere
625 1136 762 1212 horisque
774 1133 896 1204 diurnis,

178 1239 274 1301 Nocte
284 1248 435 1316 premunt3
450 1241 528 1316 quod
535 1239 598 1318 jam
608 1238 734 1298 tenebris
743 1247 775 1296 et
788 1237 847 1296 sole
856 1237 972 1305 cadente,

180 1343 239 1401 Sub
252 1341 348 1401 lucem
362 1353 516 1420 exportans
528 1341 659 1411 calathis,
672 1341 734 1401 adit
746 1341 854 1419 oppida
866 1331 961 1418 pastorr

179 1449 244 1504 Aut
257 1464 342 1522 parco
354 1446 411 1504 sale
423 1445 609 1522 contingunt,
628 1445 778 1522 hiemique
791 1451 939 1522 reponunt

220 1549 287 1608 Nec
299 1549 353 1608 tibi
366 1569 433 1609 cura
446 1569 553 1608 canum
565 1550 654 1608 suerit
665 1549 820 1627 postrema:
841 1548 892 1608 sed
903 1563 950 1609 una

179 1651 296 1711 Velocis
309 1653 416 1728 Spartae
427 1653 547 1722 catulos,
559 1671 711 1728 acremque
724 1651 892 1722 Moloffurn,

180 1755 264 1816 Pasce
277 1757 339 1814 sero
350 1755 464 1834 pingui.
504 1756 677 1832 Numquam
688 1755 852 1813 custodibus
864 1752 919 1813 illis

180 1859 364 1918 Nodurnum
379 1858 493 1917 stabulis
505 1859 610 1928 furem,
628 1857 817 1934 incursruque
829 1859 955 1936 luporum,

180 1964 244 2023 Aut
256 1963 400 2040 inpacatos
408 1982 430 2021 a
445 1970 526 2040 tergo
539 1960 667 2020 horrebis
679 1961 814 2020 Hiberos.

180 2066 260 2143 Saepe
274 2066 363 2124 etiam
375 2065 458 2125 cursu
473 2066 589 2124 timidos
601 2064 725 2143 agitabis
736 2083 870 2148 onagros,

180 2170 218 2227 Et
230 2167 350 2227 canibus
361 2170 498 2246 leporem,
518 2169 637 2227 canibus
650 2143 792 2228 venabere
805 2169 909 2226 damas

180 2272 269 2349 saepe,
289 2270 446 2331 volutabris
459 2273 553 2349 prdsos
567 2271 746 2341 filvestribus,
765 2290 849 2348 apros

178 2376 301 2434 Latratu
314 2374 442 2434 turbabis
455 2394 551 2453 agens,
572 2375 735 2451 montisque
746 2391 800 2450 per
811 2374 883 2433 altos

179 2480 335 2556 Ingentem
346 2480 471 2538 clamore
484 2498 596 2556 premes
608 2480 645 2537 ad
657 2478 728 2536 retia
740 2496 871 2537 cervum.

218 2580 305 2650 Disce
318 2594 349 2639 et
361 2582 513 2641 odoratum
525 2582 641 2641 stabulis
653 2581 813 2639 adcendere
824 2580 942 2640 cedrum,

178 2686 385 2763 Galbaneoque
396 2686 506 2763 agitare
519 2686 613 2763 gravis
625 2686 725 2744 nidore
738 2684 897 2761 chelydros.

178 2792 259 2868 Saepe
272 2790 325 2848 sub
336 2789 456 2848 inmotis
468 2789 651 2868 praesepibus,
670 2792 721 2847 aut
733 2787 810 2846 mala
825 2787 902 2848 tadu

178 2894 284 2972 Vipera
298 2892 423 2963 delituit,
444 2892 609 2968 coelnmque
621 2891 757 2951 extenita
769 2891 865 2969 fugit3

175 2999 263 3068 Aut„
272 2996 348 3055 tecto
361 2996 494 3055 adsuetus
507 2996 626 3054 coluber
637 2994 787 3054 succedere
799 3010 832 3053 et
845 2993 950 3054 umbraea

177 3100 263 3159 Pestis
276 3101 377 3158 acerba
390 3100 489 3167 boum,
508 3097 662 3175 pecorique
675 3096 845 3176 adspergere
857 3097 936 3160 virus»

176 3203 262 3262 Fovit
286 3202 421 3261 humum.
465 3202 546 3278 Cape
569 3200 636 3260 saxa
655 3220 754 3271 manu,
778 3220 852 3280 cape
873 3201 967 3261 roban

185 3361 189 3372 -
253 3302 362 3384 P²st⁰rs

122 3420 126 3428 '
166 3410 401 3492 Tollentemque
414 3406 655 3485 minaserbbiia
663 3409 741 3466 coba
749 3415 917 3474 bruneum.
