2250 4050
170 400 229 500 aas
430 413 711 513 mnarnos
868 445 948 498 aaa

170 596 341 673 conpellare
353 596 457 665 uirum,
477 605 507 654 et
519 597 630 656 maestas
639 616 810 675 expromere
822 603 916 656 voces:

170 701 199 771 O
211 700 263 757 lux
277 700 442 760 Dardaniael
465 701 552 778 speso
566 701 699 759 fidiffima
710 702 873 760 Teucrum!

171 804 248 863 Quae
262 812 350 862 tantae
364 814 480 862 tenuere
492 807 595 862 morae?
617 806 723 880 quibus
735 805 844 862 Hester
854 806 890 863 ab
901 800 948 860 oris

170 906 339 984 Exspedtate
352 907 447 966 venis?
468 919 501 965 nt
514 918 552 977 te,
573 907 635 984 post
647 908 741 965 multa
754 918 871 966 morum

171 1007 291 1079 Funera,
305 1011 366 1087 post
378 1010 469 1068 varios
482 1009 692 1086 hominumque
703 1011 841 1088 urbisque
853 1012 948 1068 laborer

171 1114 288 1185 Defeffi,
309 1113 495 1192 adspicimus!
519 1133 583 1190 quae
595 1113 689 1171 cauffa
701 1114 825 1192 indigna
842 1114 941 1172 serenos

169 1207 300 1275 'roedavit
313 1218 423 1276 voltus?
446 1227 495 1277 aut
509 1237 559 1275 cur
571 1218 633 1275 haec
646 1218 763 1276 volnera
774 1219 875 1276 cerno?

169 1320 225 1378 Ille
238 1321 325 1392 nibil,
347 1341 400 1380 nec
412 1341 469 1391 me,
489 1330 664 1399 quaerentem
676 1340 760 1393 vana,
780 1331 915 1380 moratur:

172 1425 236 1496 Sed,
251 1425 377 1504 graviter
390 1427 515 1503 gemitus
528 1427 588 1484 imo
600 1427 636 1483 de
648 1425 762 1502 pectore
776 1427 889 1492 ducens,

171 1531 253 1590 Heu!
274 1531 353 1609 fuge,
365 1540 431 1590 nate
442 1531 504 1601 dea,
519 1541 605 1606 teque
614 1528 669 1598 his,
682 1529 733 1599 ait,
747 1529 827 1606 eripe
836 1521 948 1587 flammis.

171 1634 269 1693 Hostis
281 1634 369 1693 habet
381 1653 490 1692 muros:
513 1633 573 1690 ruit
585 1633 643 1691 alta
656 1652 673 1691 a
686 1631 814 1691 culmine
826 1630 913 1708 Troja.

171 1738 220 1797 Sat
233 1738 331 1816 pntriae
343 1738 511 1814 Priamoque
526 1737 636 1796 datum.
676 1737 707 1795 Si
719 1739 856 1814 Pergama
868 1729 948 1794 daut

171 1842 297 1901 Defendi
310 1841 429 1919 putrent,
449 1840 536 1899 etiam
551 1841 606 1898 hac
618 1839 734 1899 defensa
747 1840 872 1898 fuiffent.

172 1946 256 2004 Sacra
269 1946 390 2022 suosque
403 1944 458 2002 tibi
471 1945 644 2002 conmendat
656 1943 744 2021 Troja
756 1945 886 2002 Penates:

171 2052 234 2109 Hos
247 2070 316 2127 cape
327 2050 454 2108 fatorum
467 2048 606 2107 comites:'
622 2050 668 2107 his
680 2049 787 2108 moenia
798 2066 900 2127 quaere,

170 2154 282 2231 Magna
295 2150 438 2231 pererrato
451 2154 552 2211 statues
565 2172 630 2228 quae
642 2153 767 2229 denique
779 2164 877 2230 ponto.
913 2183 915 2187 ·

171 2256 217 2316 Sic
230 2257 272 2315 ait
279 2276 287 2315 :¹
308 2267 338 2315 et
351 2258 484 2315 manibus
497 2255 583 2315 vittas
595 2258 769 2333 Vestamque
782 2265 920 2333 potentem

170 2362 385 2440 AEternumque
398 2360 490 2437 adytis
503 2358 586 2418 effert
598 2359 792 2437 penetralibus
805 2361 907 2438 ignem.

209 2463 330 2522 Diverso
342 2465 450 2522 interea
463 2463 620 2522 miscentur
632 2464 739 2522 moenia
751 2464 847 2535 ludeo,

170 2568 208 2625 Et
220 2566 312 2644 magis
325 2577 410 2644 atque
423 2567 524 2644 magis,
538 2586 712 2645 quamquam
725 2567 832 2626 secreta
844 2556 946 2644 parenti!

169 2670 306 2730 Anchisae
318 2672 420 2730 domus
433 2672 635 2747 arboribusque
645 2672 758 2729 obteda
766 2657 886 2739 recedit,

170 2774 308 2833 Clarescit
322 2774 438 2847 sonitus,
459 2792 661 2852 armorumque
673 2774 787 2852 ingruit
798 2774 901 2833 horror.

170 2878 309 2937 Excutior
321 2878 428 2947 somno,
448 2889 478 2936 et
489 2878 595 2937 summi
607 2877 720 2955 fastigia
734 2878 802 2936 tetri

169 2981 318 3039 Adscensu
333 2981 442 3059 supero,
461 2992 549 3059 atque
561 2982 681 3040 adrectis
693 2980 810 3066 auribus
822 2979 906 3039 adsto:

168 3084 343 3161 In'segetem
353 3086 443 3144 veluti
451 3105 541 3162 quum
552 3087 679 3153 flamma,
689 3084 852 3144 furentibus
861 3073 944 3142 suffit

169 3187 285 3258 Incidit,
307 3200 356 3247 aut
369 3190 484 3267 rapidus
497 3197 635 3247 montano
648 3188 771 3248 flumine
785 3198 888 3247 torrem

169 3292 277 3349 Sternit
290 3290 382 3369 agros,
402 3293 502 3351 sternit
513 3292 573 3350 sata
586 3293 662 3363 laetn,
682 3294 829 3368 boumque
839 3292 935 3348 labores

169 3394 389 3474 Praecipitesque
402 3396 491 3458 trahit
504 3396 602 3457 iilvas:
624 3396 718 3476 stupet
730 3395 835 3457 inscius
846 3393 899 3454 alu
938 3417 941 3422 ·
