2250 4050
128 449 155 492 v.
168 439 239 511 308.
441 434 495 493 LI
506 432 540 493 B.
579 432 620 492 11.
872 438 931 504 227

130 590 288 668 Adcipiene
301 589 428 649 sonitum
439 589 501 649 saxi
512 590 550 649 de
561 589 669 648 vertice
680 589 781 666 pastor.

129 693 205 753 Tum
219 713 289 753 vero
301 694 451 753 manifesta
462 692 542 763 fides,
564 694 755 769 Danaumque
765 691 917 769 patescunt

131 797 251 855 Infidiae.
292 798 359 873 Jam
371 797 517 875 Deiphobi
529 797 610 855 dedit
621 796 717 873 ampla
729 796 852 864 ruinam,

131 900 260 958 Volcano
273 900 433 979 superante,
452 901 567 958 domus:
585 898 646 976 jam
659 914 816 976 proxumus
828 900 910 957 ardet

122 1003 296 1081 ¹Ucalegont
319 1004 400 1081 Sigen
413 1004 478 1080 igni
490 1005 565 1062 freta
577 1003 636 1061 lata
649 1002 786 1062 relucent.

132 1106 265 1165 Exoritur
277 1107 442 1182 clamorque
454 1106 559 1175 virum,
579 1106 751 1182 clangorque
769 1108 914 1167 tubarum.

133 1211 219 1269 Arma
233 1228 334 1268 ameno
344 1210 442 1286 oepi03
464 1229 518 1268 nec
531 1210 574 1268 sat
586 1209 704 1268 rationis
716 1208 748 1267 in
761 1209 858 1281 armis3

120 1313 180 1373 -Sed
194 1315 358 1392 giomeraru
376 1331 497 1372 manum
508 1312 593 1384 bello,
614 1320 644 1370 et
656 1332 824 1373 concurrere
836 1314 868 1373 in
882 1334 927 1373 ar·

203 1438 280 1486 cem)

135 1520 204 1579 Cum
215 1521 308 1591 sociis,
321 1521 422 1579 ardent
434 1520 541 1579 animi:
562 1521 643 1580 furor
655 1521 755 1597 iraque
768 1531 898 1581 mentem

137 1621 324 1702 Praecipitant5
336 1625 546 1702 pulchrumque
556 1625 629 1682 mori
640 1624 778 1683 succurrit
787 1625 817 1685 in
829 1624 925 1685 armis.

166 1728 252 1786 Ecce!
276 1737 376 1786 autem
389 1728 454 1786 telis
467 1728 593 1786 Panthus
604 1728 716 1805 elapsus
728 1729 882 1800 Achivom,

139 1827 253 1889 Panthus
265 1829 438 1907 Othryades,
457 1831 530 1889 arcis
543 1830 702 1908 Phoebique
712 1831 848 1901 sacerdos,

139 1929 208 1991 Sacra
219 1953 320 2003 manu,
335 1934 481 2010 victosque
493 1935 570 2003 deos,
588 1952 767 2010 parvumque
780 1943 916 2012 nepotem

140 2032 191 2110 Ipse
202 2038 302 2107 trabit,
321 2039 460 2115 cursuque
473 2057 570 2096 amens
580 2039 619 2096 ad
630 2038 732 2097 limina
743 2039 848 2101 tendit.

142 2135 197 2199 Quo
215 2159 260 2200 res
278 2143 390 2200 summu
409 2143 483 2213 loco,
504 2141 634 2200 Panthu?
655 2161 743 2218 quam
760 2144 926 2221 prendimus

203 2248 317 2304 arcem?

141 2339 188 2404 Vix
198 2367 230 2407 ea
244 2349 323 2408 satus
335 2363 422 2418 eram,
441 2350 554 2427 gemitu
567 2370 658 2427 quum
672 2352 740 2409 talia
753 2351 862 2411 reddit:

141 2437 214 2508 Venit
227 2452 340 2509 summa
353 2452 422 2526 dies,
441 2464 472 2510 et
484 2455 670 2512 inelubtnbile
688 2465 810 2532 tempus,

139 2544 288 2614 nudante.
330 2555 447 2614 Fuimus
457 2557 559 2615 Troes:
582 2558 641 2616 fuit
652 2559 750 2627 Ilium,
769 2568 800 2618 et
811 2558 914 2637 ingens

138 2650 221 2717 Gloria
233 2660 427 2716 Teucrorum:
450 2660 527 2718 ferus
537 2661 635 2719 omnia
648 2662 782 2739 Juppiter
792 2664 888 2741 Argos

136 2749 295 2820 Transtulit:
318 2761 435 2821 inconst
448 2764 544 2822 Danai
557 2764 744 2824 dominantur
755 2765 788 2823 in
800 2769 881 2824 urbe.

134 2858 240 2923 Arduus
253 2876 378 2923 armatos
390 2868 493 2925 mediis
505 2868 536 2925 in
551 2869 694 2926 moenibus
708 2870 818 2927 adstans

131 2955 230 3026 Fmdit
242 2987 345 3045 equus,
365 2969 512 3047 vidorque
528 2971 616 3029 Sinon
630 2971 764 3030 incendia
777 2973 886 3042 miscet,

129 3059 276 3130 Insultans.
318 3072 409 3131 Portis
421 3074 471 3131 alii
483 3074 681 3152 bipatentibus
694 3075 805 3144 adsunt,
854 3154 858 3162 ⁸

127 3161 221 3240 Miltia
231 3184 305 3251 quot
318 3176 432 3253 magnis
442 3196 584 3254 umquam
597 3197 698 3237 venere
711 3179 853 3255 Mycenis.

124 3269 267 3337 obsedere
281 3278 331 3337 alii
347 3280 411 3338 telis
423 3282 541 3358 angusta
556 3282 667 3341 viarum
682 3284 684 3289 '

123 3373 268 3460 Oppofiti:
291 3381 346 3443 stat
358 3382 427 3443 ferri
441 3383 517 3444 acies
530 3403 669 3444 mucrone
681 3385 808 3459 corusco,
