2250 4050
218 445 283 500 ΜΟ
471 437 753 514 AENEIDO'S,
916 434 1006 503 van.

219 595 334 654 Cubita
351 602 441 675 pater,
457 598 580 677 'fatoque'
592 601 730 678 urguenti
748 600 915 658 incumbere
926 598 1007 658 vellet

221 699 376 775 Abnegat;
398 702 579 779 inceptoque,
599 713 629 761 et
641 703 755 760 sedibus
767 703 858 760 haeret
870 703 901 760 in
912 702 997 759 isdem.

263 800 369 860 Rursus
388 803 419 861 in
440 810 519 863 anna
540 805 626 876 feror,
648 814 831 882 mortemque
851 803 1005 862 miserrimus

342 914 426 982 opto:

222 1004 256 1062 N
257 1023 304 1064 am
316 1007 394 1081 quod
406 1007 564 1080 confilium,
583 1018 634 1068 aut
645 1028 711 1085 quae
718 1007 782 1086 jam
793 1009 918 1078 fortuna,
928 1002 1010 1066 daha⁴¹

342 1114 406 1169 tur?
724 1151 726 1159 ι

223 1211 315 1270 Mene
327 1211 429 1271 efferre
442 1215 554 1292 pedem,
576 1215 698 1291 genitor,
718 1223 749 1272 te
762 1215 840 1292 poffe
851 1215 948 1274 relidlo

223 1314 362 1392 Sperasti?
384 1325 556 1393 tantumque
568 1317 650 1377 nefas
661 1317 755 1395 patrio
766 1317 875 1376 excidit
888 1319 950 1376 orel

224 1417 255 1475 Si
267 1416 342 1475 nihil
354 1435 392 1476 ex
405 1418 487 1476 tanti
499 1420 612 1497 Superis
623 1419 717 1497 placet
728 1422 801 1477 urbe
813 1418 945 1496 relinqui,

224 1520 264 1579 Et
276 1519 354 1578 sedet
366 1520 422 1579 hoe
435 1521 541 1590 animo,
560 1521 752 1598 perituraeque
765 1521 870 1580 addere
882 1519 968 1598 Trojae

223 1623 327 1697 Teque
340 1632 460 1698 tuosque
468 1606 565 1699 juram
587 1632 666 1699 patet
678 1622 724 1681 isti
732 1622 821 1700 janua
834 1624 909 1682 letor

223 1725 348 1801 Jamque
362 1724 453 1782 aderit
466 1725 559 1782 multo
573 1725 677 1784 Priami
690 1726 726 1783 de
739 1724 880 1802 sanguine
893 1724 1008 1802 Pyrrhus,

226 1826 340 1884 Natum
360 1835 427 1884 ante
445 1845 493 1884 nra
509 1825 607 1903 patria,
626 1836 737 1904 patrem
751 1827 801 1903 qui
822 1823 1011 1887 obtrunmtad

306 1947 375 1988 arae.

214 2015 392 2102 'Hocc'erat
400 2032 475 2089 alma
482 2049 593 2107 parens,
602 2032 678 2107 quod
688 2049 734 2090 me
742 2048 795 2109 per
802 2034 869 2105 tela,
880 2029 1012 2112 perignb,

227 2133 329 2209 Eripis,
349 2143 383 2190 ut
395 2132 498 2191 mediis
511 2133 620 2191 hostem
632 2131 663 2193 in
677 2136 879 2211 penetralibus,
899 2147 984 2215 utque

226 2235 393 2303 Ascanium,
412 2244 581 2312 patremque
599 2254 706 2304 meum,
720 2233 864 2314 juxtaque
881 2238 1015 2305 creusam,

227 2340 363 2398 Alterum
374 2340 406 2397 in
419 2339 535 2398 alterius
548 2340 685 2397 mallatus
697 2338 846 2417 sauguine,
866 2343 993 2401 oemaml

227 2444 328 2513 Arma,
348 2442 413 2510 viri,
432 2442 507 2501 ferte
519 2458 613 2499 armat
634 2451 718 2499 vocat
729 2440 782 2500 lux
794 2443 899 2502 ultima
912 2444 1000 2503 ridor.

228 2543 349 2603 Reddite
361 2564 410 2603 me
422 2543 540 2603 Danais:
564 2542 647 2601 finite
663 2543 815 2603 instaurata
828 2545 951 2605 revisam

227 2646 339 2704 Proelia.
359 2647 530 2722 Numquam
546 2664 646 2704 omnes
658 2644 744 2703 hodie
754 2647 916 2706 moriemur
932 2643 1015 2708 inulti

267 2748 347 2807 Hinc
360 2749 436 2808 ferro
450 2748 588 2824 adcingnt
600 2746 703 2817 rursus,
716 2746 868 2825 clipeoque
881 2750 1009 2809 finiliram

228 2851 404 2910 insertabam
419 2858 528 2928 aptam,
548 2866 653 2925 meque
666 2857 746 2909 extra
763 2851 838 2910 tedia
851 2852 984 2912 ferebam

226 2954 313 3012 Eccel
335 2963 442 3021 autem,
461 2951 599 3028 conplexa
613 2954 707 3028 pedes,
727 2949 759 3008 in
772 2952 876 3011 limine
888 2954 1005 3033 conjunx

228 3056 374 3124 Haerebat,
393 3062 571 3132 parvumque
585 3053 660 3131 patri
674 3054 811 3112 tendebat
825 3056 937 3116 Iulum:

227 3155 257 3213 Si
271 3157 413 3232 periturus
426 3157 495 3227 abis,
515 3166 545 3215 et
557 3174 609 3214 noa
622 3173 689 3232 rape
702 3152 734 3214 in
746 3158 844 3216 omnia
858 3168 954 3219 tecum
958 3183 967 3231 ς

228 3259 278 3318 Sin
291 3260 417 3335 aliquam
430 3269 564 3337 expertus
576 3258 677 3319 sumtis
688 3259 767 3339 spem
779 3263 864 3339 ponis
875 3265 909 3323 in
921 3260 1005 3331 amit,

227 3343 313 3420 Hanc
323 3360 451 3438 primum
463 3372 558 3422 tutare
570 3362 699 3423 domum.
732 3363 791 3424 Cui
802 3385 908 3445 parvm
920 3368 999 3435 Idu,
