2250 4050
108 426 127 457 ³
173 450 231 513 ιω
463 451 656 513 οιιιιε,
863 462 901 510 er

171 608 328 684 AEquoreae
339 607 439 686 pestes,
458 608 588 667 inmania
600 626 720 684 oorpora
733 607 826 678 Ponti,

171 711 310 788 Undique
319 710 496 771 conveniunt
500 737 509 784 3
523 722 562 782 et,
569 712 674 789 glanno
685 712 718 769 in
733 712 846 789 gurgite
856 709 901 771 ἀπ

171 814 298 874 Verbere
310 815 475 886 crudorum,
495 824 582 892 atque
595 814 651 873 oris
661 814 836 878 minitantur
845 814 901 874 hin

171 920 239 997 Jam
251 920 369 977 tandem
381 918 461 977 msur
476 917 640 986 hominum,
655 917 720 994 jam
731 917 846 996 respice,
864 915 901 976 Mi

172 1022 216 1080 Sit
229 1020 294 1079 satis
307 1022 371 1089 hoc,
391 1030 507 1081 tantum
519 1021 609 1079 solam
621 1019 721 1079 vidiffe
732 1021 884 1082 malorum

171 1124 227 1183 Vel
240 1124 302 1183 fato
314 1123 404 1185 suerit
413 1123 498 1183 uobir
509 1123 571 1183 herc
584 1122 683 1182 debita
694 1124 789 1201 pestis,

172 1227 228 1285 Vel
241 1227 307 1286 casu
320 1227 440 1296 iuoerto,
451 1226 564 1285 meriti
576 1227 621 1285 vel
634 1226 762 1302 denique
771 1226 870 1307 culpi:

170 1327 280 1387 Omnia
293 1348 361 1388 num
372 1329 478 1407 potine,
497 1348 585 1406 quam
599 1339 628 1387 te
640 1329 748 1400 lefiffe,
766 1332 881 1408 putabo.

210 1432 333 1492 Labitur
344 1433 463 1501 interea,
481 1432 606 1491 resoluta
619 1434 655 1491 ab
668 1432 764 1503 litore,
784 1433 883 1505 clrrffirr

171 1535 282 1612 Magna
295 1537 445 1612 repentino
459 1535 608 1595 sinuantur
619 1534 709 1593 lintea
722 1536 801 1595 Coro
806 1559 818 1608 ς

171 1639 309 1698 uertitur
322 1639 352 1696 in
365 1637 451 1697 viridi
463 1644 559 1696 ternus
571 1636 642 1709 sale3
661 1637 802 1716 languida
813 1637 886 1696 ferse

169 1742 300 1820 Virginis
312 1742 342 1800 in
357 1741 441 1800 cursu
453 1741 576 1800 moritur
587 1742 769 1819 querimonia
780 1744 875 1822 lengo.

170 1844 294 1914 Deserit,
313 1844 438 1923 angustis
449 1828 594 1921 inclusum
606 1844 748 1917 faucibus,
767 1847 899 1916 Isthmon,

172 1947 333 2025 Cypseiidae
345 1947 445 2024 magni
457 1947 591 2007 florentia
603 1966 693 2024 regna
705 1949 856 2009 Corinthi:

169 2047 302 2111 Praeterit
313 2054 446 2129 abruptas
460 2051 582 2110 Scironis
594 2052 725 2129 protinus
737 2053 820 2127 arcis,

171 2155 367 2230 Infestumque
380 2153 436 2211 suis
449 2154 519 2213 dirae
531 2155 678 2213 testudinis
690 2155 753 2213 exit

171 2258 322 2335 Spelaeum‚
342 2257 491 2334 multoque
503 2266 635 2315 cruentas
644 2256 757 2336 hospite
769 2267 875 2318 center.

169 2362 293 2438 Jamque
305 2361 377 2420 adeo
390 2369 487 2418 tumm
499 2349 588 2437 longe
600 2360 705 2418 Pirreer
715 2361 819 2430 cernit,

170 2465 210 2520 Et
222 2472 304 2521 notas
316 2463 422 2531 secum,
441 2462 500 2520 heu
513 2462 628 2521 frustrat
650 2462 788 2539 respettat
800 2463 901 2522 Athen

169 2566 237 2643 Jam
249 2566 349 2641 procul
361 2585 378 2623 e
390 2566 481 2624 fluttu
494 2565 610 2623 Minoia
622 2564 738 2642 respicit
750 2583 826 2637 arro,

170 2667 367 2743 Florentisque
378 2668 458 2727 videt
466 2665 529 2745 jam
539 2667 691 2746 Cycladas,
702 2666 773 2726 hinc
787 2668 901 2747 Strophr

248 2790 306 2847 que
310 2794 319 2841 5

168 2872 248 2934 Hinc
261 2871 346 2944 finus,
366 2873 436 2931 hinc
448 2872 531 2931 ttatio
543 2882 642 2932 contro
655 2880 735 2949 putet
747 2873 901 2934 Hermione

168 2975 327 3053 Linquitur
338 2985 406 3034 ante
418 2974 487 3033 alias
499 2975 587 3053 longe
599 2975 755 3053 gratiffima
766 2975 856 3036 Delon

168 3078 332 3137 Nereidum
345 3078 440 3148 matri,
452 3087 483 3136 et
494 3079 636 3155 Neptuno
647 3077 764 3156 AEgreo.

168 3179 315 3257 Prospicit,
335 3179 492 3239 incinetam
504 3180 650 3258 spumanti
662 3180 757 3255 litore,
778 3184 901 3261 Cythnor

168 3278 419 3360 Mannorearnque
431 3284 532 3355 Paron,
551 3284 731 3361 viridemque
742 3286 856 3365 adlapsa
868 3287 901 3345 n

245 3382 327 3452 snm,¹
448 3438 452 3443 ,
