2250 4050
141 463 230 517 --m
385 455 718 529 saouurcon,
824 501 826 505 Α
864 443 943 528 aaa

172 613 241 683 Scis,
261 614 376 682 Proteu,·
394 613 446 671 scis
460 613 521 690 ipse
527 637 536 685 ;
558 632 653 690 neque
670 615 713 672 est
731 622 761 672 te
777 614 874 674 fallere
884 611 943 689 quid

249 735 336 792 quarn
343 742 352 788 3
366 763 370 771 .

172 822 227 878 Sed
241 832 274 878 tu
286 821 380 878 desine
393 821 476 879 velle.
516 822 614 880 Deum
627 832 771 900 praecepta
783 821 871 880 secuti

171 925 323 994 Venimus,
343 925 412 982 hinc
425 925 506 1002 lapsis
518 924 668 1000 quaefitum
682 928 798 984 oracula
811 929 896 984 rebus.

171 1029 301 1087 Tantum
313 1027 426 1087 effatus.
466 1029 514 1086 Ad
533 1029 594 1086 haec
607 1039 686 1086 vates
698 1030 729 1087 vi
742 1030 865 1106 denique
876 1020 943 1085 mutu

172 1133 310 1192 Ardentis
322 1133 420 1190 oculos
431 1132 545 1190 intorsit
557 1131 667 1190 lumine
680 1132 796 1208 glauco,

172 1237 220 1306 Et,
242 1236 367 1312 graviter
379 1237 524 1305 frendens,
544 1236 582 1294 fic
595 1234 662 1293 fatis
674 1254 725 1293 ora
738 1236 867 1295 resolvit:

211 1340 281 1396 Non
295 1349 324 1396 te
336 1340 443 1397 nullius
455 1349 589 1398 exercent
601 1339 730 1398 numinis
741 1340 806 1398 irae:

172 1443 283 1519 Magna
293 1444 348 1501 luis
359 1443 507 1502 conmissa:
530 1443 585 1501 tibi
598 1444 649 1501 has
661 1443 832 1502 miserabilis
839 1440 943 1518 Orphcut

172 1548 418 1623 Haudquaquam
430 1549 468 1604 ob
486 1547 622 1605 meritum
638 1567 747 1624 poenas,
767 1548 800 1606 ni
815 1549 872 1606 sata
886 1535 942 1602 rests·

251 1661 323 1721 tant,

173 1755 309 1827 Suscitat3
330 1765 361 1813 et
373 1755 454 1833 rapta
466 1755 591 1832 graviter
602 1773 654 1831 pro
666 1753 791 1832 conjuge
805 1753 886 1812 saevit

172 1860 227 1917 Illa
240 1859 367 1935 quidem,
386 1859 456 1916 dum
470 1868 499 1915 te
511 1859 625 1936 fugeret
637 1876 689 1934 per
701 1859 825 1918 flumina
836 1864 942 1934 praeoepb

172 1963 322 2021 Inmanem
336 1971 403 2021 ante
415 1963 500 2040 pedes
512 1963 636 2040 hydrum
649 1962 789 2020 moritura
801 1960 900 2040 puella,

173 2068 339 2125 Servantem
352 2068 435 2144 ripas,
456 2068 512 2125 alta
525 2086 583 2125 non
596 2067 670 2125 vidit
681 2068 714 2123 iu
727 2067 826 2124 herba.

172 2175 216 2229 At
228 2170 331 2229 chorus
344 2172 460 2247 aequalis
473 2173 623 2248 Dryadum
636 2169 761 2229 clamore
772 2170 909 2247 supremos

171 2274 323 2351 Inplerunt
335 2275 456 2347 montis;
477 2276 584 2332 flerunt
599 2274 778 2350 Rhodopeiae
792 2292 876 2341 arcer,

171 2379 298 2454 Altaque
311 2381 439 2454 Pangaea,
460 2389 490 2436 et
504 2378 589 2437 Rhefi
600 2378 746 2436 Mavortia
760 2378 854 2447 tellus,

172 2481 271 2556 Atque
283 2482 373 2551 Getae,
394 2492 480 2557 atque
493 2483 618 2549 Hebrus,
637 2489 667 2537 et
681 2480 781 2537 Affias
794 2473 925 2554 Orithyia·

171 2583 244 2661 Ipse,
265 2561 334 2642 cavi
347 2561 438 2643 solans
450 2604 559 2661 aegrum
574 2583 714 2642 testudine
727 2601 864 2652 amorem,

171 2687 226 2758 Te,
246 2687 338 2745 dulcis
350 2687 487 2765 conjunx,
508 2699 537 2745 te
550 2688 609 2745 solo
621 2687 652 2745 in
665 2686 751 2744 litore
764 2686 870 2755 secum,

170 2790 223 2861 Te,
238 2791 373 2849 veniente
385 2792 441 2861 die,
462 2803 501 2861 te,
514 2793 670 2850 decedente
683 2793 816 2850 canebat.

169 2895 316 2953 Taenarias
328 2895 417 2953 etiam
431 2896 535 2964 fauces,
556 2895 613 2953 alta
626 2895 694 2952 ostia
708 2894 797 2965 Ditis,

170 2999 209 3056 Et
221 2999 394 3074 caligantem
408 2998 490 3075 nigri
504 2997 658 3056 formidine
671 2997 770 3054 lucum

170 3100 321 3177 Ingreffus,
335 3100 488 3177 Manisque
500 3100 581 3169 adiit,
598 3101 766 3175 Regemque
778 3095 943 3157 tremendum.

170 3202 332 3277 Nesciaque
345 3202 477 3260 humanis
490 3202 623 3280 precibus
633 3201 829 3259 mansuescere
841 3198 922 3259 corda.

150 3334 154 3342 ⁴
170 3308 222 3373 At,
241 3315 328 3363 cantu
340 3315 490 3376 conmotae,
510 3305 597 3364 Erebi
610 3306 646 3362 de
658 3303 772 3361 sedibus
784 3304 851 3362 imis

169 3405 289 3466 Umbrae
298 3407 381 3467 ibant
394 3418 501 3479 tenues,
512 3407 715 3483 fimulacraque
726 3406 792 3466 luce
803 3408 943 3467 carentum
