2250 4050
146 453 164 497 t.
173 446 232 499 10⁰.
451 440 477 498 C
489 440 504 498 1
518 438 543 499 R
556 440 570 499 1
584 440 613 499 S.
873 438 933 506 1147

147 593 227 672 Atque
239 597 350 656 norum
363 603 471 656 aetemo
483 597 636 676 praetexite
648 595 758 671 honore
771 592 918 654 volumen.

175 699 239 758 Sunt
252 698 420 760 Pandioniis
431 701 534 760 vicinae
548 699 660 758 sedibus
671 700 766 769 urbes,

151 795 241 861 illem
252 803 333 860 inter
346 803 436 872 collis,
456 813 488 861 et
498 799 738 862 candida'Thesei

152 895 281 980 Purpureis
294 906 354 965 late
367 906 489 965 ridentia
502 906 586 964 litora
599 903 732 963 conchis:

153 997 264 1066 ¹Quinum
277 1027 338 1066 non
351 1008 405 1066 ulli
418 1009 495 1067 fami
508 1008 666 1067 concedere
679 1007 776 1083 digna,

154 1099 199 1164 Stat
209 1109 336 1188 Megara,
356 1111 449 1169 Adaei
463 1109 608 1188 quondam
621 1110 732 1168 munita
743 1110 840 1167 labore
913 1138 917 1147 ·

155 1203 276 1283 Alcathoi,
297 1213 469 1290 Phoebique,
491 1216 559 1272 deus
572 1231 697 1288 namque
709 1212 804 1270 adsuit
816 1212 871 1269 illi:
887 1243 889 1246 ·

156 1301 222 1372 Unde
232 1316 329 1387 etiam,
349 1317 467 1375 citharae
479 1336 562 1375 voces
575 1315 704 1374 imitatus
717 1325 823 1386 acutas,

157 1405 215 1490 saepe
225 1418 294 1497 lapis
306 1429 436 1497 recrepat
448 1418 582 1496 Cyllenia
596 1436 714 1475 munera
729 1416 836 1494 pulsus,

158 1505 184 1568 Et
193 1533 308 1581 veterem
320 1523 418 1580 sonitu
431 1523 531 1581 Phoebi
545 1521 663 1579 testatur
675 1520 823 1580 honorem.

158 1607 221 1678 Hanc
232 1627 341 1695 urbem,
357 1634 424 1682 ante
436 1625 506 1683 alios
520 1623 571 1702 qui
585 1632 648 1681 tum
661 1623 781 1680 florebat
792 1623 825 1679 in
838 1622 932 1693 armiu

158 1708 250 1784 Fecerat
262 1714 405 1798 infestam,
425 1727 577 1805 populator
588 1726 707 1802 remige,
728 1725 841 1783 Minos:

159 1811 266 1902 Hospitio
279 1831 357 1906 quod
371 1830 399 1888 se
412 1830 476 1888 Nifi
489 1830 621 1907 Polyidos
634 1829 722 1898 avito,

160 1916 323 2005 Carpathium
336 1932 452 2010 fugiens
465 1943 495 1990 et
507 1932 628 1990 fiumina
642 1933 779 1998 Caeratea,

159 2014 267 2095 Texerat.
307 2036 397 2093 Hunc
408 2035 486 2093 bello
500 2044 630 2112 repetens
642 2036 801 2111 Gortynius
813 2036 896 2094 heros
973 2101 979 2109 ,

159 2122 235 2193 Attica
247 2137 359 2195 Cretaed
372 2137 514 2196 sternebat
524 2156 590 2195 rura
602 2137 716 2214 sagitti.

159 2223 197 2289 Sed
206 2253 293 2316 neque
307 2250 377 2298 tunc
390 2240 478 2312 cives,
495 2259 593 2317 neque
604 2248 674 2298 tunc
687 2260 738 2299 rex
750 2241 809 2319 ipse
822 2251 937 2301 veretur

159 2323 240 2399 llerlio
252 2345 289 2401 ad
302 2362 399 2401 muros
412 2343 558 2401 volitantis
571 2343 686 2419 agmine
700 2353 807 2402 turmas

159 2424 256 2515 Ilucere,
277 2455 307 2504 et
318 2445 462 2504 indomiti
474 2446 582 2504 virtute
595 2448 746 2503 retundere
759 2446 879 2505 mentia:

160 2528 311 2621 Ilesponsum
323 2549 462 2625 quoniam
475 2548 541 2607 satis
554 2548 594 2605 est
605 2548 764 2607 meminisse
776 2551 908 2609 deorum,

159 2630 218 2705 Nam
229 2650 321 2729 capite
335 2670 351 2709 a
365 2651 476 2708 summo
490 2650 575 2727 regas,
594 2650 831 2709 minurientem

160 2736 265 2813 Candida
279 2754 418 2825 caesaries3
439 2754 581 2811 florebant
594 2763 723 2828 tempora
736 2753 817 2811 lauro
824 2779 835 2825 5

158 2839 190 2902 At
199 2856 283 2916 roseus
296 2856 393 2915 medio
404 2856 535 2932 fulgebat
548 2855 655 2913 vertice
667 2855 768 2912 crinis:

159 2941 229 3029 eujus
239 2980 325 3039 quam
340 2960 447 3018 servata
460 2959 510 3017 diu
523 2968 625 3017 natura
638 2958 743 3028 fuitlet,

158 3040 214 3117 Tam
228 3065 351 3141 patriam
366 3062 542 3121 incolumem
562 3061 636 3131 Nili,
661 3079 840 3139 regnumque
859 3064 939 3123 futu-

217 3184 288 3236 mm,

159 3248 299 3328 Concordes
311 3267 405 3326 stabili
419 3267 571 3326 firmamnt
584 3267 703 3324 numine
716 3269 819 3327 Parcae.

159 3346 218 3440 Ergo
229 3372 320 3432 omnis
333 3390 400 3430 caro
411 3369 549 3428 relidebat
562 3388 628 3428 cum
642 3368 772 3446 capill03,
