2250 4050
161 430 272 506 ’.πα
469 429 569 489 um.
608 429 666 491 111.
905 432 964 505 2⁶⁹

166 589 262 668 Erigit
273 587 413 657 emtione,
431 585 643 664 liquefaciaque
655 584 721 644 saxa
733 584 785 645 sub
797 605 879 646 aurae

167 697 247 753 Cum
258 691 371 771 gemitu
384 691 533 768 glomerat,
553 688 702 766 fundoque
714 674 849 749 e'xaestuat
860 691 929 751 imo.

167 798 255 856 Fama
268 795 317 866 est,
337 793 473 853 Enceladi
486 792 653 853 semiustum
664 792 788 853 fulmine
797 813 899 872 corpus

167 899 298 977 Urgueri
309 898 387 958 mole
398 897 463 967 hac,
481 897 687 973 ingentemque
699 896 815 974 insuper
827 899 951 959 AEtnam

168 1003 325 1081 Inpofitam
337 1002 428 1079 ruptio
440 1001 587 1059 flammam
600 999 740 1076 exspirare
753 1001 888 1074 caminia

168 1108 216 1176 Et,
239 1105 342 1165 sessum
355 1104 466 1183 quoties
479 1111 573 1162 mutet
585 1103 668 1171 latua,
681 1103 834 1164 intremere
846 1125 964 1166 omnem

167 1212 322 1270 Murmure
333 1206 521 1277 Trinacriam,
535 1216 566 1264 et
579 1206 684 1264 coelum
695 1206 846 1267 subtexere
858 1209 950 1268 sumo.

163 1314 295 1375 -Noetem
307 1311 398 1381 illam,
419 1309 487 1370 teni
500 1309 583 1380 silvis,
603 1309 732 1368 inmania
744 1312 867 1371 monstra
950 1372 953 1376 ,

168 1415 354 1486 Perserimua5
369 1433 432 1485 nec,
445 1433 509 1488 quae
520 1412 646 1471 sonitum
655 1414 705 1471 det
716 1415 807 1483 causa,
819 1415 962 1474 videmus:

169 1521 250 1578 Nam
259 1537 354 1594 noque
363 1525 442 1576 erant
450 1517 587 1575 astrorum
595 1516 685 1594 ignea
693 1536 747 1576 nec
756 1517 868 1577 lucidus
876 1518 966 1581 aethro

168 1622 285 1682 Siderei
297 1622 388 1698 polus,
409 1619 527 1679 obscuro
540 1620 590 1678 sed
602 1620 702 1678 nubila
714 1621 787 1679 coelo
794 1645 804 1692 3

169 1727 208 1784 Et
220 1726 321 1783 lunam
333 1725 363 1782 in
377 1722 477 1782 nimbo
489 1743 546 1782 nox
559 1724 727 1801 intempesta
741 1726 867 1785 tenebat.

208 1829 319 1888 Postera
328 1827 446 1905 jamque
459 1826 518 1885 dies
529 1826 624 1905 primo
636 1825 770 1905 surgebat
781 1828 851 1898 Eoo,

170 1934 409 2007 Humentemque
421 1931 533 1988 Aurora
545 1931 613 2007 polo
629 1930 788 1990 dimoverat
799 1935 930 1991 umbram
935 1957 945 2004 3

171 2038 275 2094 Quum
288 2035 383 2093 subito
395 2054 411 2093 e
425 2034 509 2104 silvis,
528 2033 620 2093 macie
632 2034 763 2094 confecta
775 2034 914 2113 suprema,

171 2138 271 2217 Ignoti
285 2156 358 2197 nova
371 2138 463 2196 forma
475 2135 541 2206 viri,
560 2136 776 2214 miserandaque
788 2140 879 2211 cultu,

171 2242 313 2311 Procedit,
333 2242 510 2318 supplexque
521 2258 623 2299 manue
636 2242 672 2299 ad
684 2241 769 2300 litora
781 2244 883 2302 tendit.

172 2345 359 2423 Respicimus.
398 2345 470 2403 Dira
482 2343 603 2414 illuvies,
622 2343 791 2420 inmissaque
804 2348 900 2423 barba„

173 2448 346 2508 Consertum
358 2457 495 2525 tegumen
507 2447 594 2524 spinis
598 2472 607 2519 3
632 2457 662 2505 at
674 2457 768 2507 cetera
780 2450 893 2521 Graius,
953 2471 955 2477 ·

172 2554 217 2612 Ut
230 2552 377 2629 quondam
388 2551 488 2629 patriis
500 2552 537 2610 ad
548 2550 664 2628 Trojam
678 2551 774 2609 niissus
786 2552 818 2610 in
831 2554 926 2619 annin,

173 2658 269 2733 Isque,
288 2655 339 2713 ubi
351 2654 510 2714 Dardanios
523 2653 638 2714 habitus
650 2664 681 2713 et
692 2656 780 2715 Troia
792 2656 867 2716 vidit

174 2762 267 2826 Arma
280 2759 389 2835 procul,
403 2758 532 2835 paullum
543 2758 674 2836 adspectu
687 2760 856 2819 conterritus
870 2761 960 2830 haesit.

175 2863 387 2939 Continuitque
400 2862 534 2939 gradum:
549 2881 618 2920 mox
632 2861 690 2920 sese
701 2864 738 2921 ad
751 2863 834 2922 litora
846 2883 973 2942 pmcepe

175 2970 253 3025 Cum
265 2966 346 3036 fletu,
365 2966 561 3042 precibusque‚'
581 2965 661 3023 tulit:
693 2967 845 3026 Persidem
859 2969 953 3039 testor,

175 3074 229 3129 Per
242 3070 365 3147 superos,
386 3078 472 3145 atque
484 3068 539 3127 hoc
551 3068 618 3126 coeli
629 3068 762 3146 spirabile
773 3070 886 3142 lumen3

174 3174 283 3233 Tollite
295 3191 352 3242 me,
371 3172 491 3232 Teucri:
513 3190 707 3248 quascumque
719 3174 854 3233 abducite
867 3184 969 3234 terras:

174 3280 242 3337 Hoc
255 3277 298 3336 sat
310 3276 374 3335 erit.
416 3276 480 3335 Scio
492 3296 539 3335 me
551 3276 660 3335 Danais
672 3296 689 3335 e
702 3277 830 3338 clasiibue
843 3298 945 3349 unum,

175 3382 214 3439 Et
228 3380 419 3442 bellolliaeoa
430 3381 524 3442 sateor
534 3380 644 3459 petiisse
657 3383 783 3444 Penates.
907 3439 910 3447 ,
