<?xml version="1.0" encoding="UTF-8"?>
<!DOCTYPE html PUBLIC "-//W3C//DTD XHTML 1.0 Transitional//EN"
    "http://www.w3.org/TR/xhtml1/DTD/xhtml1-transitional.dtd">
<html xmlns="http://www.w3.org/1999/xhtml" xml:lang="en" lang="en">
 <head>
  <title>
</title>
<meta http-equiv="Content-Type" content="text/html;charset=utf-8" />
  <meta name='ocr-system' content='tesseract 3.04.00' />
  <meta name='ocr-capabilities' content='ocr_page ocr_carea ocr_par ocr_line ocrx_word'/>
</head>
<body>
  <div class='ocr_page' id='page_1' title='image "./pvirgiliimaroni03marogoog/pvirgiliimaroni03marogoog_0086.png"; bbox 0 0 2250 4050; ppageno 0'>
   <div class='ocr_carea' id='block_1_1' title="bbox 171 456 899 530">
    <p class='ocr_par' dir='ltr' id='par_1_1' title="bbox 171 456 899 530">
     <span class='ocr_line' id='line_1_1' title="bbox 171 456 899 530; baseline -0.001 -14"><span class='ocrx_word' id='word_1_1' title='bbox 171 463 210 530; x_wconf 74' lang='lat'><strong>70</strong></span> <span class='ocrx_word' id='word_1_2' title='bbox 405 456 740 528; x_wconf 80' lang='lat' dir='ltr'>GEORGICON,</span> <span class='ocrx_word' id='word_1_3' title='bbox 872 475 899 516; x_wconf 77' lang='lat' dir='ltr'><strong>r:</strong></span> 
     </span>
    </p>
   </div>
   <div class='ocr_carea' id='block_1_2' title="bbox 169 613 908 3469">
    <p class='ocr_par' dir='ltr' id='par_1_2' title="bbox 169 613 908 3469">
     <span class='ocr_line' id='line_1_2' title="bbox 173 613 908 692; baseline 0.001 -20"><span class='ocrx_word' id='word_1_4' title='bbox 173 615 254 672; x_wconf 77' lang='lat' dir='ltr'><strong>Quas</strong></span> <span class='ocrx_word' id='word_1_5' title='bbox 267 613 387 673; x_wconf 73' lang='lat' dir='ltr'><strong>animosi</strong></span> <span class='ocrx_word' id='word_1_6' title='bbox 395 616 465 675; x_wconf 88' lang='lat' dir='ltr'><strong>Euri</strong></span> <span class='ocrx_word' id='word_1_7' title='bbox 475 616 590 676; x_wconf 74' lang='lat' dir='ltr'><strong>adsidue</strong></span> <span class='ocrx_word' id='word_1_8' title='bbox 600 616 801 692; x_wconf 79' lang='lat' dir='ltr'>franguntque</span> <span class='ocrx_word' id='word_1_9' title='bbox 813 613 908 673; x_wconf 85' lang='lat' dir='ltr'><strong>ferunt</strong></span> 
     </span>
     <span class='ocr_line' id='line_1_3' title="bbox 171 717 825 794; baseline -0.003 -18"><span class='ocrx_word' id='word_1_10' title='bbox 171 717 252 776; x_wconf 85' lang='lat' dir='ltr'>Dant</span> <span class='ocrx_word' id='word_1_11' title='bbox 264 717 335 776; x_wconf 82' lang='lat' dir='ltr'><strong>alios</strong></span> <span class='ocrx_word' id='word_1_12' title='bbox 347 719 412 777; x_wconf 83' lang='lat' dir='ltr'><strong>aliae</strong></span> <span class='ocrx_word' id='word_1_13' title='bbox 425 720 515 791; x_wconf 79' lang='lat' dir='ltr'><strong>fetus3</strong></span> <span class='ocrx_word' id='word_1_14' title='bbox 537 720 607 778; x_wconf 89' lang='lat' dir='ltr'><strong>dant</strong></span> <span class='ocrx_word' id='word_1_15' title='bbox 620 718 693 776; x_wconf 87' lang='lat' dir='ltr'><strong>utile</strong></span> <span class='ocrx_word' id='word_1_16' title='bbox 705 717 825 794; x_wconf 88' lang='lat' dir='ltr'><strong>lignum</strong></span> 
     </span>
     <span class='ocr_line' id='line_1_4' title="bbox 172 818 907 898; baseline 0 -21"><span class='ocrx_word' id='word_1_17' title='bbox 172 819 306 897; x_wconf 86' lang='lat' dir='ltr'><strong>Navigiis</strong></span> <span class='ocrx_word' id='word_1_18' title='bbox 318 822 410 898; x_wconf 88' lang='lat' dir='ltr'><strong>pinos,</strong></span> <span class='ocrx_word' id='word_1_19' title='bbox 431 822 564 881; x_wconf 82' lang='lat' dir='ltr'><strong>domibus</strong></span> <span class='ocrx_word' id='word_1_20' title='bbox 577 822 754 896; x_wconf 80' lang='lat' dir='ltr'><strong>cedrumque</strong></span> <span class='ocrx_word' id='word_1_21' title='bbox 768 818 907 896; x_wconf 82' lang='lat' dir='ltr'><strong>cupresios</strong></span> 
     </span>
     <span class='ocr_line' id='line_1_5' title="bbox 171 920 908 1005; baseline 0.001 -25"><span class='ocrx_word' id='word_1_22' title='bbox 171 922 252 982; x_wconf 89' lang='lat' dir='ltr'><strong>Hinc</strong></span> <span class='ocrx_word' id='word_1_23' title='bbox 265 924 358 983; x_wconf 84' lang='lat' dir='ltr'><strong>radios</strong></span> <span class='ocrx_word' id='word_1_24' title='bbox 371 923 474 982; x_wconf 84' lang='lat' dir='ltr'><strong>trivere</strong></span> <span class='ocrx_word' id='word_1_25' title='bbox 488 924 566 994; x_wconf 88' lang='lat' dir='ltr'><strong>rotis,</strong></span> <span class='ocrx_word' id='word_1_26' title='bbox 586 923 655 983; x_wconf 89' lang='lat' dir='ltr'><strong>hinc</strong></span> <span class='ocrx_word' id='word_1_27' title='bbox 663 933 809 1005; x_wconf 85' lang='lat' dir='ltr'><strong>tympana</strong></span> <span class='ocrx_word' id='word_1_28' title='bbox 821 920 908 999; x_wconf 79' lang='lat' dir='ltr'><strong>plaut</strong></span> 
     </span>
     <span class='ocr_line' id='line_1_6' title="bbox 171 1024 882 1103; baseline 0.001 -20"><span class='ocrx_word' id='word_1_29' title='bbox 171 1025 326 1102; x_wconf 79' lang='lat' dir='ltr'><strong>Agricolae,</strong></span> <span class='ocrx_word' id='word_1_30' title='bbox 347 1034 377 1083; x_wconf 89' lang='lat' dir='ltr'><strong>et</strong></span> <span class='ocrx_word' id='word_1_31' title='bbox 389 1027 495 1103; x_wconf 83' lang='lat' dir='ltr'><strong>pandas</strong></span> <span class='ocrx_word' id='word_1_32' title='bbox 507 1025 616 1084; x_wconf 79' lang='lat' dir='ltr'><strong>ratibus</strong></span> <span class='ocrx_word' id='word_1_33' title='bbox 628 1025 749 1103; x_wconf 86' lang='lat' dir='ltr'><strong>posuere</strong></span> <span class='ocrx_word' id='word_1_34' title='bbox 761 1024 882 1084; x_wconf 86' lang='lat' dir='ltr'><strong>carinas.</strong></span> 
     </span>
     <span class='ocr_line' id='line_1_7' title="bbox 171 1126 875 1198; baseline 0.003 -14"><span class='ocrx_word' id='word_1_35' title='bbox 171 1126 338 1185; x_wconf 75' lang='lat' dir='ltr'><strong>viminibus</strong></span> <span class='ocrx_word' id='word_1_36' title='bbox 351 1127 448 1187; x_wconf 86' lang='lat' dir='ltr'><strong>salices</strong></span> <span class='ocrx_word' id='word_1_37' title='bbox 460 1129 601 1198; x_wconf 85' lang='lat' dir='ltr'><strong>fecundae,</strong></span> <span class='ocrx_word' id='word_1_38' title='bbox 621 1127 774 1186; x_wconf 86' lang='lat' dir='ltr'><strong>frondibus</strong></span> <span class='ocrx_word' id='word_1_39' title='bbox 787 1128 875 1198; x_wconf 80' lang='lat' dir='ltr'><strong>ulmi;</strong></span> 
     </span>
     <span class='ocr_line' id='line_1_8' title="bbox 173 1231 869 1306; baseline 0.001 -19"><span class='ocrx_word' id='word_1_40' title='bbox 173 1231 215 1287; x_wconf 88' lang='lat' dir='ltr'><strong>At</strong></span> <span class='ocrx_word' id='word_1_41' title='bbox 227 1239 338 1306; x_wconf 89' lang='lat' dir='ltr'><strong>myrtus</strong></span> <span class='ocrx_word' id='word_1_42' title='bbox 350 1231 451 1291; x_wconf 85' lang='lat' dir='ltr'><strong>validis</strong></span> <span class='ocrx_word' id='word_1_43' title='bbox 463 1231 622 1301; x_wconf 88' lang='lat' dir='ltr'><strong>hastilibus,</strong></span> <span class='ocrx_word' id='word_1_44' title='bbox 641 1238 680 1301; x_wconf 91' lang='lat' dir='ltr'><strong>et,</strong></span> <span class='ocrx_word' id='word_1_45' title='bbox 693 1232 769 1289; x_wconf 92' lang='lat' dir='ltr'><strong>bona</strong></span> <span class='ocrx_word' id='word_1_46' title='bbox 784 1231 869 1301; x_wconf 91' lang='lat' dir='ltr'><strong>bello,</strong></span> 
     </span>
     <span class='ocr_line' id='line_1_9' title="bbox 172 1333 846 1410; baseline 0.001 -19"><span class='ocrx_word' id='word_1_47' title='bbox 172 1334 282 1391; x_wconf 89' lang='lat' dir='ltr'><strong>Cornus</strong></span> <span class='ocrx_word' id='word_1_48' title='bbox 288 1357 297 1404; x_wconf 76' lang='lat' dir='ltr'><strong>i</strong></span> <span class='ocrx_word' id='word_1_49' title='bbox 320 1335 438 1392; x_wconf 88' lang='lat' dir='ltr'><strong>Ituraeos</strong></span> <span class='ocrx_word' id='word_1_50' title='bbox 453 1333 512 1392; x_wconf 83' lang='lat' dir='ltr'><strong>taxi</strong></span> <span class='ocrx_word' id='word_1_51' title='bbox 525 1342 695 1410; x_wconf 85' lang='lat' dir='ltr'><strong>torquentur</strong></span> <span class='ocrx_word' id='word_1_52' title='bbox 707 1333 740 1390; x_wconf 91' lang='lat' dir='ltr'><strong>in</strong></span> <span class='ocrx_word' id='word_1_53' title='bbox 753 1352 846 1392; x_wconf 85' lang='lat' dir='ltr'><strong>arcus.</strong></span> 
     </span>
     <span class='ocr_line' id='line_1_10' title="bbox 171 1434 807 1506; baseline 0.003 -14"><span class='ocrx_word' id='word_1_54' title='bbox 171 1434 237 1493; x_wconf 87' lang='lat' dir='ltr'><strong>Nec</strong></span> <span class='ocrx_word' id='word_1_55' title='bbox 250 1435 320 1493; x_wconf 81' lang='lat' dir='ltr'><strong>tilia</strong></span> <span class='ocrx_word' id='word_1_56' title='bbox 332 1436 417 1506; x_wconf 89' lang='lat' dir='ltr'><strong>leves,</strong></span> <span class='ocrx_word' id='word_1_57' title='bbox 430 1446 480 1494; x_wconf 89' lang='lat' dir='ltr'><strong>aut</strong></span> <span class='ocrx_word' id='word_1_58' title='bbox 493 1444 576 1494; x_wconf 94' lang='lat' dir='ltr'><strong>tomo</strong></span> <span class='ocrx_word' id='word_1_59' title='bbox 588 1435 668 1494; x_wconf 86' lang='lat' dir='ltr'><strong>rafile</strong></span> <span class='ocrx_word' id='word_1_60' title='bbox 680 1436 807 1504; x_wconf 78' lang='lat' dir='ltr'><strong>buxum,</strong></span> 
     </span>
     <span class='ocr_line' id='line_1_11' title="bbox 170 1536 907 1615; baseline 0.003 -19"><span class='ocrx_word' id='word_1_61' title='bbox 170 1536 242 1596; x_wconf 91' lang='lat' dir='ltr'><strong>Non</strong></span> <span class='ocrx_word' id='word_1_62' title='bbox 255 1538 376 1596; x_wconf 87' lang='lat' dir='ltr'><strong>sormam</strong></span> <span class='ocrx_word' id='word_1_63' title='bbox 388 1538 547 1615; x_wconf 87' lang='lat' dir='ltr'><strong>adcipiunt,</strong></span> <span class='ocrx_word' id='word_1_64' title='bbox 560 1540 694 1614; x_wconf 88' lang='lat' dir='ltr'><strong>ferroque</strong></span> <span class='ocrx_word' id='word_1_65' title='bbox 707 1549 851 1597; x_wconf 79' lang='lat' dir='ltr'><strong>cavantur</strong></span> <span class='ocrx_word' id='word_1_66' title='bbox 860 1554 907 1598; x_wconf 83' lang='lat' dir='ltr'><strong>acu</strong></span> 
     </span>
     <span class='ocr_line' id='line_1_12' title="bbox 171 1640 908 1702; baseline 0.004 -3"><span class='ocrx_word' id='word_1_67' title='bbox 171 1640 237 1700; x_wconf 85' lang='lat' dir='ltr'><strong>Nec</strong></span> <span class='ocrx_word' id='word_1_68' title='bbox 250 1660 307 1699; x_wconf 88' lang='lat' dir='ltr'><strong>non</strong></span> <span class='ocrx_word' id='word_1_69' title='bbox 322 1649 352 1698; x_wconf 90' lang='lat' dir='ltr'><strong>et</strong></span> <span class='ocrx_word' id='word_1_70' title='bbox 365 1650 521 1699; x_wconf 86' lang='lat' dir='ltr'><strong>torrentem</strong></span> <span class='ocrx_word' id='word_1_71' title='bbox 532 1642 641 1699; x_wconf 90' lang='lat' dir='ltr'><strong>undam</strong></span> <span class='ocrx_word' id='word_1_72' title='bbox 652 1641 724 1701; x_wconf 84' lang='lat' dir='ltr'><strong>levis</strong></span> <span class='ocrx_word' id='word_1_73' title='bbox 737 1641 853 1701; x_wconf 88' lang='lat' dir='ltr'><strong>innatat</strong></span> <span class='ocrx_word' id='word_1_74' title='bbox 864 1643 908 1702; x_wconf 86' lang='lat' dir='ltr'><strong>alu</strong></span> 
     </span>
     <span class='ocr_line' id='line_1_13' title="bbox 171 1743 908 1820; baseline 0 -18"><span class='ocrx_word' id='word_1_75' title='bbox 171 1743 257 1802; x_wconf 87' lang='lat' dir='ltr'><strong>Missa</strong></span> <span class='ocrx_word' id='word_1_76' title='bbox 270 1745 347 1802; x_wconf 88' lang='lat' dir='ltr'><strong>Pado</strong></span> <span class='ocrx_word' id='word_1_77' title='bbox 351 1769 359 1814; x_wconf 78' lang='lat'>5</span> <span class='ocrx_word' id='word_1_78' title='bbox 382 1763 435 1802; x_wconf 87' lang='lat' dir='ltr'><strong>nec</strong></span> <span class='ocrx_word' id='word_1_79' title='bbox 448 1763 505 1801; x_wconf 91' lang='lat' dir='ltr'><strong>nou</strong></span> <span class='ocrx_word' id='word_1_80' title='bbox 519 1753 549 1801; x_wconf 89' lang='lat' dir='ltr'><strong>et</strong></span> <span class='ocrx_word' id='word_1_81' title='bbox 561 1763 626 1820; x_wconf 83' lang='lat' dir='ltr'><strong>apes</strong></span> <span class='ocrx_word' id='word_1_82' title='bbox 639 1743 775 1802; x_wconf 74' lang='lat' dir='ltr'><strong>examina</strong></span> <span class='ocrx_word' id='word_1_83' title='bbox 788 1747 908 1804; x_wconf 87' lang='lat' dir='ltr'><strong>condunt</strong></span> 
     </span>
     <span class='ocr_line' id='line_1_14' title="bbox 171 1845 857 1923; baseline 0.006 -19"><span class='ocrx_word' id='word_1_84' title='bbox 171 1847 391 1922; x_wconf 80' lang='lat' dir='ltr'><strong>corticibusque</strong></span> <span class='ocrx_word' id='word_1_85' title='bbox 404 1846 480 1906; x_wconf 77' lang='lat' dir='ltr'><strong>cavis</strong></span> <span class='ocrx_word' id='word_1_86' title='bbox 492 1845 659 1923; x_wconf 84' lang='lat' dir='ltr'><strong>vitiosaeque</strong></span> <span class='ocrx_word' id='word_1_87' title='bbox 673 1845 749 1905; x_wconf 87' lang='lat' dir='ltr'><strong>ilicis</strong></span> <span class='ocrx_word' id='word_1_88' title='bbox 764 1848 857 1907; x_wconf 79' lang='lat' dir='ltr'><strong>alveo.</strong></span> 
     </span>
     <span class='ocr_line' id='line_1_15' title="bbox 172 1948 908 2025; baseline 0.004 -19"><span class='ocrx_word' id='word_1_89' title='bbox 172 1948 255 2007; x_wconf 78' lang='lat' dir='ltr'><strong>Quid</strong></span> <span class='ocrx_word' id='word_1_90' title='bbox 267 1949 484 2009; x_wconf 88' lang='lat' dir='ltr'><strong>memorandum</strong></span> <span class='ocrx_word' id='word_1_91' title='bbox 494 1968 575 2025; x_wconf 86' lang='lat' dir='ltr'><strong>aeque</strong></span> <span class='ocrx_word' id='word_1_92' title='bbox 585 1948 726 2008; x_wconf 83' lang='lat' dir='ltr'><strong>Baccheia</strong></span> <span class='ocrx_word' id='word_1_93' title='bbox 737 1949 815 2011; x_wconf 89' lang='lat' dir='ltr'><strong>dona</strong></span> <span class='ocrx_word' id='word_1_94' title='bbox 828 1951 908 2010; x_wconf 82' lang='lat' dir='ltr'><strong>tulen</strong></span> 
     </span>
     <span class='ocr_line' id='line_1_16' title="bbox 170 2052 908 2131; baseline 0.003 -20"><span class='ocrx_word' id='word_1_95' title='bbox 170 2053 299 2111; x_wconf 88' lang='lat' dir='ltr'><strong>Bacchus</strong></span> <span class='ocrx_word' id='word_1_96' title='bbox 313 2055 391 2112; x_wconf 88' lang='lat' dir='ltr'><strong>etad</strong></span> <span class='ocrx_word' id='word_1_97' title='bbox 404 2054 519 2131; x_wconf 92' lang='lat' dir='ltr'><strong>culpam</strong></span> <span class='ocrx_word' id='word_1_98' title='bbox 531 2052 636 2111; x_wconf 80' lang='lat' dir='ltr'><strong>caussas</strong></span> <span class='ocrx_word' id='word_1_99' title='bbox 651 2052 746 2125; x_wconf 80' lang='lat' dir='ltr'><strong>dedit5</strong></span> <span class='ocrx_word' id='word_1_100' title='bbox 768 2053 820 2112; x_wconf 91' lang='lat' dir='ltr'><strong>ille</strong></span> <span class='ocrx_word' id='word_1_101' title='bbox 832 2055 908 2113; x_wconf 80' lang='lat' dir='ltr'><strong>suren</strong></span> 
     </span>
     <span class='ocr_line' id='line_1_17' title="bbox 171 2154 908 2233; baseline -0.005 -20"><span class='ocrx_word' id='word_1_102' title='bbox 171 2156 330 2213; x_wconf 86' lang='lat' dir='ltr'><strong>Centauros</strong></span> <span class='ocrx_word' id='word_1_103' title='bbox 342 2156 401 2214; x_wconf 88' lang='lat' dir='ltr'><strong>leto</strong></span> <span class='ocrx_word' id='word_1_104' title='bbox 414 2155 536 2223; x_wconf 88' lang='lat' dir='ltr'><strong>domuit,</strong></span> <span class='ocrx_word' id='word_1_105' title='bbox 556 2154 752 2231; x_wconf 87' lang='lat' dir='ltr'><strong>Rhoetumque</strong></span> <span class='ocrx_word' id='word_1_106' title='bbox 765 2156 908 2233; x_wconf 77' lang='lat' dir='ltr'><strong>Pholumqt</strong></span> 
     </span>
     <span class='ocr_line' id='line_1_18' title="bbox 170 2257 908 2335; baseline 0.003 -19"><span class='ocrx_word' id='word_1_107' title='bbox 170 2258 208 2316; x_wconf 85' lang='lat' dir='ltr'><strong>Et</strong></span> <span class='ocrx_word' id='word_1_108' title='bbox 221 2276 327 2334; x_wconf 89' lang='lat' dir='ltr'><strong>magno</strong></span> <span class='ocrx_word' id='word_1_109' title='bbox 340 2258 479 2335; x_wconf 80' lang='lat' dir='ltr'><strong>Hylaeum</strong></span> <span class='ocrx_word' id='word_1_110' title='bbox 492 2257 624 2334; x_wconf 85' lang='lat' dir='ltr'><strong>Lapithis</strong></span> <span class='ocrx_word' id='word_1_111' title='bbox 638 2267 747 2316; x_wconf 87' lang='lat' dir='ltr'><strong>cratere</strong></span> <span class='ocrx_word' id='word_1_112' title='bbox 760 2258 908 2318; x_wconf 87' lang='lat' dir='ltr'><strong>minauteu</strong></span> 
     </span>
     <span class='ocr_line' id='line_1_19' title="bbox 208 2359 872 2432; baseline 0.002 -13"><span class='ocrx_word' id='word_1_113' title='bbox 208 2361 237 2419; x_wconf 96' lang='lat' dir='ltr'>O</span> <span class='ocrx_word' id='word_1_114' title='bbox 250 2361 410 2419; x_wconf 87' lang='lat' dir='ltr'><strong>fortunatos</strong></span> <span class='ocrx_word' id='word_1_115' title='bbox 424 2359 557 2428; x_wconf 86' lang='lat' dir='ltr'><strong>nimium,</strong></span> <span class='ocrx_word' id='word_1_116' title='bbox 578 2359 628 2417; x_wconf 89' lang='lat' dir='ltr'><strong>sua</strong></span> <span class='ocrx_word' id='word_1_117' title='bbox 642 2359 662 2416; x_wconf 89' lang='lat' dir='ltr'>fi</span> <span class='ocrx_word' id='word_1_118' title='bbox 676 2360 750 2417; x_wconf 90' lang='lat' dir='ltr'><strong>bona</strong></span> <span class='ocrx_word' id='word_1_119' title='bbox 764 2362 872 2432; x_wconf 88' lang='lat' dir='ltr'><strong>norint,</strong></span> 
     </span>
     <span class='ocr_line' id='line_1_20' title="bbox 169 2462 908 2542; baseline -0.003 -19"><span class='ocrx_word' id='word_1_120' title='bbox 169 2463 334 2542; x_wconf 78' lang='lat' dir='ltr'><strong>Agricolas!</strong></span> <span class='ocrx_word' id='word_1_121' title='bbox 356 2464 461 2541; x_wconf 83' lang='lat' dir='ltr'><strong>quibus</strong></span> <span class='ocrx_word' id='word_1_122' title='bbox 473 2463 542 2539; x_wconf 89' lang='lat' dir='ltr'><strong>ipsa,</strong></span> <span class='ocrx_word' id='word_1_123' title='bbox 555 2462 656 2539; x_wconf 91' lang='lat' dir='ltr'><strong>procul</strong></span> <span class='ocrx_word' id='word_1_124' title='bbox 668 2462 845 2523; x_wconf 90' lang='lat' dir='ltr'><strong>discordibus</strong></span> <span class='ocrx_word' id='word_1_125' title='bbox 857 2480 908 2524; x_wconf 88' lang='lat' dir='ltr'><strong>arm</strong></span> 
     </span>
     <span class='ocr_line' id='line_1_21' title="bbox 169 2563 891 2641; baseline -0.001 -15"><span class='ocrx_word' id='word_1_126' title='bbox 169 2567 277 2627; x_wconf 87' lang='lat' dir='ltr'><strong>Fundit</strong></span> <span class='ocrx_word' id='word_1_127' title='bbox 290 2567 378 2625; x_wconf 92' lang='lat' dir='ltr'><strong>humo</strong></span> <span class='ocrx_word' id='word_1_128' title='bbox 392 2565 508 2624; x_wconf 88' lang='lat' dir='ltr'><strong>facilem</strong></span> <span class='ocrx_word' id='word_1_129' title='bbox 520 2565 629 2623; x_wconf 64' lang='lat' dir='ltr'><strong>vidum</strong></span> <span class='ocrx_word' id='word_1_130' title='bbox 638 2563 787 2641; x_wconf 79' lang='lat' dir='ltr'><strong>justissima</strong></span> <span class='ocrx_word' id='word_1_131' title='bbox 801 2568 891 2625; x_wconf 83' lang='lat' dir='ltr'><strong>tellus.</strong></span> 
     </span>
     <span class='ocr_line' id='line_1_22' title="bbox 169 2666 880 2746; baseline -0.001 -18"><span class='ocrx_word' id='word_1_132' title='bbox 169 2669 200 2728; x_wconf 85' lang='lat' dir='ltr'><strong>si</strong></span> <span class='ocrx_word' id='word_1_133' title='bbox 213 2688 271 2727; x_wconf 90' lang='lat' dir='ltr'><strong>non</strong></span> <span class='ocrx_word' id='word_1_134' title='bbox 283 2669 433 2745; x_wconf 86' lang='lat' dir='ltr'><strong>ingentem</strong></span> <span class='ocrx_word' id='word_1_135' title='bbox 446 2668 555 2725; x_wconf 84' lang='lat' dir='ltr'><strong>foribus</strong></span> <span class='ocrx_word' id='word_1_136' title='bbox 568 2668 669 2725; x_wconf 89' lang='lat' dir='ltr'><strong>domus</strong></span> <span class='ocrx_word' id='word_1_137' title='bbox 681 2667 739 2725; x_wconf 90' lang='lat' dir='ltr'><strong>alta</strong></span> <span class='ocrx_word' id='word_1_138' title='bbox 752 2666 880 2746; x_wconf 86' lang='lat' dir='ltr'><strong>superbis</strong></span> 
     </span>
     <span class='ocr_line' id='line_1_23' title="bbox 169 2754 887 2841; baseline -0.001 -10"><span class='ocrx_word' id='word_1_139' title='bbox 169 2774 260 2831; x_wconf 87' lang='lat' dir='ltr'><strong>Mane</strong></span> <span class='ocrx_word' id='word_1_140' title='bbox 272 2772 448 2830; x_wconf 89' lang='lat' dir='ltr'><strong>salutantum</strong></span> <span class='ocrx_word' id='word_1_141' title='bbox 462 2769 529 2828; x_wconf 86' lang='lat' dir='ltr'><strong>totis</strong></span> <span class='ocrx_word' id='word_1_142' title='bbox 541 2754 635 2827; x_wconf 71' lang='lat' dir='ltr'><strong>uomit</strong></span> <span class='ocrx_word' id='word_1_143' title='bbox 647 2770 756 2827; x_wconf 86' lang='lat' dir='ltr'><strong>aedibus</strong></span> <span class='ocrx_word' id='word_1_144' title='bbox 768 2773 887 2841; x_wconf 82' lang='lat' dir='ltr'><strong>undam;</strong></span> 
     </span>
     <span class='ocr_line' id='line_1_24' title="bbox 169 2872 863 2950; baseline -0.003 -16"><span class='ocrx_word' id='word_1_145' title='bbox 169 2876 235 2934; x_wconf 88' lang='lat' dir='ltr'><strong>Nec</strong></span> <span class='ocrx_word' id='word_1_146' title='bbox 248 2875 340 2933; x_wconf 90' lang='lat' dir='ltr'><strong>varios</strong></span> <span class='ocrx_word' id='word_1_147' title='bbox 352 2874 467 2932; x_wconf 87' lang='lat' dir='ltr'><strong>inhiant</strong></span> <span class='ocrx_word' id='word_1_148' title='bbox 479 2872 598 2949; x_wconf 80' lang='lat' dir='ltr'><strong>pulchra</strong></span> <span class='ocrx_word' id='word_1_149' title='bbox 612 2872 752 2930; x_wconf 89' lang='lat' dir='ltr'><strong>testudine</strong></span> <span class='ocrx_word' id='word_1_150' title='bbox 764 2875 863 2950; x_wconf 87' lang='lat' dir='ltr'><strong>postes,</strong></span> 
     </span>
     <span class='ocr_line' id='line_1_25' title="bbox 169 2974 829 3054; baseline -0.003 -17"><span class='ocrx_word' id='word_1_151' title='bbox 169 2977 336 3054; x_wconf 82' lang='lat' dir='ltr'><strong>Inlusasque</strong></span> <span class='ocrx_word' id='word_1_152' title='bbox 349 2995 418 3035; x_wconf 86' lang='lat' dir='ltr'><strong>auro</strong></span> <span class='ocrx_word' id='word_1_153' title='bbox 430 2974 522 3044; x_wconf 90' lang='lat' dir='ltr'><strong>vestis,</strong></span> <span class='ocrx_word' id='word_1_154' title='bbox 543 2974 745 3051; x_wconf 85' lang='lat' dir='ltr'><strong>Ephyreiaque</strong></span> <span class='ocrx_word' id='word_1_155' title='bbox 758 2995 829 3048; x_wconf 81' lang='lat' dir='ltr'><strong>aera;</strong></span> 
     </span>
     <span class='ocr_line' id='line_1_26' title="bbox 170 3079 819 3158; baseline -0.005 -17"><span class='ocrx_word' id='word_1_156' title='bbox 170 3082 247 3141; x_wconf 87' lang='lat' dir='ltr'><strong>Alba</strong></span> <span class='ocrx_word' id='word_1_157' title='bbox 261 3100 354 3158; x_wconf 90' lang='lat' dir='ltr'><strong>neque</strong></span> <span class='ocrx_word' id='word_1_158' title='bbox 366 3079 481 3156; x_wconf 83' lang='lat' dir='ltr'><strong>Assyrio</strong></span> <span class='ocrx_word' id='word_1_159' title='bbox 494 3079 610 3136; x_wconf 87' lang='lat' dir='ltr'><strong>fucatur</strong></span> <span class='ocrx_word' id='word_1_160' title='bbox 620 3079 685 3136; x_wconf 84' lang='lat' dir='ltr'><strong>lana</strong></span> <span class='ocrx_word' id='word_1_161' title='bbox 697 3098 819 3150; x_wconf 88' lang='lat' dir='ltr'><strong>veneno,</strong></span> 
     </span>
     <span class='ocr_line' id='line_1_27' title="bbox 169 3180 825 3258; baseline -0.003 -17"><span class='ocrx_word' id='word_1_162' title='bbox 169 3184 235 3242; x_wconf 91' lang='lat' dir='ltr'><strong>Nec</strong></span> <span class='ocrx_word' id='word_1_163' title='bbox 247 3183 319 3241; x_wconf 71' lang='lat' dir='ltr'><strong>casii</strong></span> <span class='ocrx_word' id='word_1_164' title='bbox 332 3182 438 3258; x_wconf 91' lang='lat' dir='ltr'><strong>liquidi</strong></span> <span class='ocrx_word' id='word_1_165' title='bbox 451 3180 651 3256; x_wconf 87' lang='lat' dir='ltr'><strong>conrumpitur</strong></span> <span class='ocrx_word' id='word_1_166' title='bbox 662 3180 729 3238; x_wconf 92' lang='lat' dir='ltr'><strong>usus</strong></span> <span class='ocrx_word' id='word_1_167' title='bbox 742 3181 825 3241; x_wconf 85' lang='lat' dir='ltr'><strong>olivi:</strong></span> 
     </span>
     <span class='ocr_line' id='line_1_28' title="bbox 169 3283 776 3362; baseline -0.005 -18"><span class='ocrx_word' id='word_1_168' title='bbox 169 3288 213 3344; x_wconf 88' lang='lat' dir='ltr'><strong>At</strong></span> <span class='ocrx_word' id='word_1_169' title='bbox 225 3284 321 3344; x_wconf 86' lang='lat' dir='ltr'><strong>secura</strong></span> <span class='ocrx_word' id='word_1_170' title='bbox 333 3286 423 3362; x_wconf 83' lang='lat' dir='ltr'><strong>quies,</strong></span> <span class='ocrx_word' id='word_1_171' title='bbox 443 3294 474 3343; x_wconf 90' lang='lat' dir='ltr'><strong>et</strong></span> <span class='ocrx_word' id='word_1_172' title='bbox 487 3283 581 3342; x_wconf 89' lang='lat' dir='ltr'><strong>nescia</strong></span> <span class='ocrx_word' id='word_1_173' title='bbox 594 3283 694 3340; x_wconf 88' lang='lat' dir='ltr'><strong>fallere</strong></span> <span class='ocrx_word' id='word_1_174' title='bbox 707 3283 776 3354; x_wconf 85' lang='lat' dir='ltr'><strong>vita,</strong></span> 
     </span>
     <span class='ocr_line' id='line_1_29' title="bbox 169 3384 851 3469; baseline -0.001 -22"><span class='ocrx_word' id='word_1_175' title='bbox 169 3386 259 3450; x_wconf 87' lang='lat' dir='ltr'><strong>Dives</strong></span> <span class='ocrx_word' id='word_1_176' title='bbox 270 3406 360 3469; x_wconf 87' lang='lat' dir='ltr'><strong>opum</strong></span> <span class='ocrx_word' id='word_1_177' title='bbox 372 3386 530 3469; x_wconf 64' lang='lat' dir='ltr'><strong>uariarum</strong></span> <span class='ocrx_word' id='word_1_178' title='bbox 551 3395 582 3445; x_wconf 92' lang='lat' dir='ltr'><strong>at</strong></span> <span class='ocrx_word' id='word_1_179' title='bbox 593 3384 659 3443; x_wconf 86' lang='lat' dir='ltr'><strong>latis</strong></span> <span class='ocrx_word' id='word_1_180' title='bbox 671 3385 732 3445; x_wconf 88' lang='lat' dir='ltr'><strong>otia</strong></span> <span class='ocrx_word' id='word_1_181' title='bbox 745 3386 851 3457; x_wconf 85' lang='lat' dir='ltr'><strong>fundis,</strong></span> 
     </span>
    </p>
   </div>
   <div class='ocr_carea' id='block_1_3' title="bbox 0 0 1130 4050">
    <p class='ocr_par' dir='ltr' id='par_1_3' title="bbox 0 0 1130 4050">
     <span class='ocr_line' id='line_1_30' title="bbox 0 0 1130 4050; baseline 0 0"><span class='ocrx_word' id='word_1_182' title='bbox 0 0 1130 4050; x_wconf 95' lang='lat' dir='ltr'><strong> </strong></span> 
     </span>
    </p>
   </div>
  </div>
 </body>
</html>
