2250 4050
146 453 223 520 3710
431 446 532 506 ΜΒ.
569 442 596 504 Ι.
876 443 914 507 tt

146 603 239 681 nique
253 602 439 682 hphyrlqne
452 612 534 662 tonat
547 604 658 672 domur,
677 599 777 660 omnia
789 598 883 679 plenia

146 727 188 766 rra
201 716 306 766 natant
318 706 404 776 soffia,
424 715 511 783 atque
523 705 625 764 omnis-
630 705 727 764 navita
740 713 831 781 ponto

146 811 242 870 rmida
255 811 319 869 vela
331 810 414 888 legit.
441 812 614 886 Numquam
625 807 846 887 inprudentibus
859 807 916 869 im·

187 915 242 972 ber

146 1016 234 1076 >suin
259 1025 309 1074 aut
321 1015 406 1076 illum
419 1016 584 1093 surgentem
595 1015 717 1074 vallibus
729 1013 798 1073 imin

146 1119 208 1178 iriae
221 1119 324 1196 sugere
337 1137 422 1195 grues
426 1143 435 1190 3
457 1128 507 1177 aut
519 1117 634 1188 bucula,
654 1117 761 1175 ooelum

147 1220 285 1300 spiciena,
304 1221 410 1299 patulis
422 1219 548 1299 captavit
560 1220 676 1278 naribus
688 1237 793 1290 aurntr
887 1270 889 1273 .

146 1335 174 1383 rt
189 1333 295 1401 arguta
307 1324 386 1382 hena
399 1322 640 1382 circumvolitavit
652 1322 791 1394 hirundo;

146 1447 151 1484 :
163 1436 296 1485 veterem
308 1425 341 1484 in
354 1425 426 1484 limo
439 1444 516 1484 ranae
528 1425 657 1483 occinere
670 1425 824 1501 querelam.

146 1529 223 1606 rpiua
236 1537 268 1586 et
280 1528 363 1586 tectis
374 1528 570 1605 penetralibus
580 1527 686 1586 extulit
698 1546 751 1586 ova

146 1631 283 1708 ngustum
294 1629 416 1690 fonnica
429 1640 522 1690 terens
534 1631 591 1689 iter
595 1655 604 1704 ς
626 1641 656 1688 et
668 1629 745 1689 bibit
755 1630 859 1708 ingens

146 1751 226 1807 rcus3
247 1742 287 1804 et,
300 1751 317 1790 e
329 1733 410 1811 pastu
422 1734 560 1792 decedens
573 1733 688 1810 agmine
699 1750 818 1809 magno,

146 1839 281 1895 :ortorum
291 1836 436 1914 increpuit
449 1837 540 1894 denfis
552 1836 695 1895 exercitus
707 1835 770 1894 alis.

146 1936 189 1994 'am
199 1938 290 1997 variar
302 1937 400 2016 pelagi
413 1939 550 2007 volueret,
570 1948 610 2008 et,
629 1958 694 2014 quar
706 1938 774 1996 Afin
786 1935 898 2006 circum

146 2037 261 2101 buntur
273 2041 307 2100 in
321 2042 427 2119 stagnio
438 2042 580 2100 rimantur
592 2052 673 2119 prata
685 2041 806 2119 Caystri,

146 2137 263 2204 Certatim
275 2145 371 2221 largos
382 2144 511 2203 humeris
523 2145 676 2203 infundere
688 2163 774 2216 rores,

146 2236 211 2306 Nunc
219 2258 306 2326 caput
313 2246 454 2325 objectare
463 2248 553 2318 frctia,
567 2267 645 2307 nunc
654 2267 766 2306 currere
778 2248 810 2305 in
821 2250 924 2318 undas,

146 2338 174 2400 Et
183 2348 264 2410 nuo
275 2351 416 2410 ineassum
428 2350 524 2411 adeas
536 2350 637 2428 genre
649 2351 773 2410 raanan

146 2439 202 2509 Tun
213 2455 313 2513 cornix
326 2454 412 2529 plena
424 2453 553 2530 pluriam
566 2462 650 2512 vocat
661 2451 783 2531 inproba
795 2470 874 2526 voce,

147 2540 173 2603 Et
182 2551 230 2613 sola
242 2556 274 2615 in
287 2556 361 2615 sicci
373 2555 470 2614 secum
482 2556 620 2633 spatiatur
632 2555 727 2614 arena.

147 2641 181 2708 Ne
191 2660 322 2717 costuma
335 2657 453 2733 quidem
466 2668 613 2735 carpentes
625 2657 713 2735 pensa
727 2659 833 2735 puellae

146 2742 276 2820 Nescivere
290 2760 433 2819 hiemem:
455 2760 524 2818 testi
537 2779 628 2835 quum
641 2761 759 2818 ardente
771 2760 903 2817 viderent

146 2848 283 2923 &ubilero
294 2864 402 2935 oleum,
412 2845 450 2920 ¹ct
461 2862 553 2940 putris
566 2860 745 2920 concrescere
758 2862 874 2938 fungor.

172 2962 227 3025 Noc
238 2967 336 3041 minus
350 2984 387 3023 ex
398 2965 486 3023 imbri
499 2965 571 3022 soles
583 2973 614 3021 ct
626 2972 722 3041 aperta
735 2962 837 3021 serena

146 3053 293 3147 prospicere,
312 3077 345 3126 ct
356 3068 440 3125 certis
451 3067 557 3143 poteris
570 3064 739 3143 cognoscere
749 3064 851 3142 fignis:

146 3156 204 3229 Nam
215 3189 310 3247 neque
323 3178 387 3227 tum
399 3169 484 3227 stellis
497 3168 572 3227 acies
584 3167 685 3226 obtusa
697 3168 820 3237 videtur,

146 3261 199 3343 Noc,
217 3272 316 3334 fratria
329 3270 415 3330 radiis
426 3269 561 3339 obnoxia,
581 3269 695 3346 surgere
709 3271 806 3343 Luna3

146 3358 237 3436 tenuia
250 3374 393 3436 auolant
405 3374 574 3457 perooelnpn
587 3373 692 3431 vellera
704 3372 774 3431 ferri
781 3394 795 3448 ²:
840 3422 842 3427 .
901 3419 919 3428 ..
