2250 4050
182 719 208 780 Ρ.
230 720 465 780 VIRGILII
496 722 738 782 MARONIS

321 895 588 977 CULEX.

264 1157 327 1208 AD
368 1158 648 1210 OCTAVIUM.

316 1439 601 1485 ...Φ-ὴ

142 1745 217 1802 tuus,
237 1730 350 1800 Oitavi,
371 1733 471 1810 gracili
483 1733 649 1792 modulante
661 1729 780 1801 Thaliz'u

143 1854 165 1906 e,
185 1848 216 1896 ut
227 1839 363 1908 araneoli,
384 1849 500 1898 tenuem
512 1838 697 1897 formavimus
709 1834 814 1894 orsum.

142 1958 199 2000 nus:
221 1942 283 2000 haec
296 1953 411 2020 propter
423 1941 531 2001 Culicis
544 1942 600 1999 fint
613 1939 739 2000 canniua
752 1938 836 1998 diua.

142 2043 161 2101 is
173 2055 205 2103 ut
216 2045 339 2104 historiae
351 2065 401 2123 per
413 2046 515 2103 ludum
528 2044 662 2103 consonet
675 2044 744 2102 ordo
848 2111 850 2116 Ι

144 2146 184 2217 iae,
205 2149 307 2207 ducam
322 2167 416 2207 voces:
438 2148 506 2206 licet
519 2147 633 2206 invidus
645 2146 725 2205 adsu.

142 2250 193 2323 luis
205 2250 259 2309 erit
273 2250 389 2326 culpare
397 2248 486 2327 jocos,
498 2250 680 2325 Musamque,
701 2256 828 2325 paratuaa
867 2293 870 2299 .

142 2370 178 2411 ere
190 2353 235 2411 ve}
249 2353 358 2410 Culicis
371 2352 470 2421 levior,
489 2351 634 2429 famaque,
653 2353 771 2408 seretur.

142 2455 189 2514 ius
202 2456 332 2532 graviore
344 2455 413 2513 sono
426 2455 480 2513 tibi
494 2455 578 2513 Musa
592 2455 723 2530 loquetur

142 2576 169 2613 a:
184 2558 294 2615 dabunt
303 2576 371 2615 cum
381 2557 490 2615 securos
498 2557 573 2614 mihi
585 2565 710 2633 tempora
722 2555 845 2614 fruciust
885 2599 887 2603 -

142 2660 163 2716 >i
175 2660 262 2736 digna
276 2671 326 2716 tuo
338 2659 483 2736 poliantur
495 2658 622 2717 carmina
635 2658 727 2717 sensu.

143 2781 216 2831 zonae,
231 2762 385 2838 magnique
398 2763 483 2820 docus
495 2761 583 2839 Jovis,
603 2771 687 2819 aurea
700 2761 801 2838 proles,

143 2884 182 2934 ua,
202 2866 257 2923 erit
270 2865 355 2922 nostri
368 2864 499 2941 princeps
512 2874 540 2921 et
554 2863 689 2922 carminis
702 2862 808 2931 aucior,

143 2968 243 3026 inante
256 2968 317 3045 lyri
331 2967 439 3025 fautor:
462 2967 518 3025 five
530 2968 634 3024 educat
646 2966 730 3023 illum

152 3070 312 3129 Chimaereo
325 3070 457 3127 Xanthus
469 3068 583 3145 perfusa
596 3069 717 3145 liquore,
784 3127 786 3132 ,

143 3190 216 3231 emus
229 3171 357 3240 Asteriae,
377 3171 425 3229 seu
438 3172 495 3246 qui
508 3171 646 3229 Parnaffia
659 3189 743 3247 rupes
846 3223 848 3228 .

145 3284 225 3351 atque
238 3274 307 3359 liinc
319 3274 416 3351 patula
429 3273 588 3360 praepandit
601 3291 706 3332 cornua
719 3274 826 3344 fronte,
841 3337 850 3345 ᾗ
