<?xml version="1.0" encoding="UTF-8"?>
<!DOCTYPE html PUBLIC "-//W3C//DTD XHTML 1.0 Transitional//EN"
    "http://www.w3.org/TR/xhtml1/DTD/xhtml1-transitional.dtd">
<html xmlns="http://www.w3.org/1999/xhtml" xml:lang="en" lang="en">
 <head>
  <title>
</title>
<meta http-equiv="Content-Type" content="text/html;charset=utf-8" />
  <meta name='ocr-system' content='tesseract 3.04.00' />
  <meta name='ocr-capabilities' content='ocr_page ocr_carea ocr_par ocr_line ocrx_word'/>
</head>
<body>
  <div class='ocr_page' id='page_1' title='image "./pvirgiliimaroni03marogoog/pvirgiliimaroni03marogoog_0079.png"; bbox 0 0 2250 4050; ppageno 0'>
   <div class='ocr_carea' id='block_1_1' title="bbox 146 431 948 504">
    <p class='ocr_par' dir='ltr' id='par_1_1' title="bbox 146 431 948 504">
     <span class='ocr_line' id='line_1_1' title="bbox 146 431 948 504; baseline 0.004 -17"><span class='ocrx_word' id='word_1_1' title='bbox 146 434 258 488; x_wconf 64' lang='lat' dir='ltr'><strong>mss.</strong></span> <span class='ocrx_word' id='word_1_2' title='bbox 296 462 301 469; x_wconf 93' lang='lat'><em>·</em></span> <span class='ocrx_word' id='word_1_3' title='bbox 439 431 539 492; x_wconf 90' lang='lat' dir='ltr'><strong>LIB.</strong></span> <span class='ocrx_word' id='word_1_4' title='bbox 577 431 620 492; x_wconf 87' lang='lat' dir='ltr'><strong>H.</strong></span> <span class='ocrx_word' id='word_1_5' title='bbox 912 434 948 504; x_wconf 90' lang='lat'><strong>71</strong></span> 
     </span>
    </p>
   </div>
   <div class='ocr_carea' id='block_1_2' title="bbox 146 568 954 3440">
    <p class='ocr_par' dir='ltr' id='par_1_2' title="bbox 151 568 951 765">
     <span class='ocr_line' id='line_1_2' title="bbox 151 568 951 671; baseline 0.003 -27"><span class='ocrx_word' id='word_1_6' title='bbox 151 585 282 663; x_wconf 71' lang='lat' dir='ltr'><strong>Quaque</strong></span> <span class='ocrx_word' id='word_1_7' title='bbox 294 586 376 647; x_wconf 87' lang='lat' dir='ltr'><strong>levis.</strong></span> <span class='ocrx_word' id='word_1_8' title='bbox 410 568 558 648; x_wconf 81' lang='lat' dir='ltr'><strong>Prointum</strong></span> <span class='ocrx_word' id='word_1_9' title='bbox 571 589 611 648; x_wconf 89' lang='lat' dir='ltr'><strong>est</strong></span> <span class='ocrx_word' id='word_1_10' title='bbox 623 588 714 648; x_wconf 81' lang='lat' dir='ltr'><strong>oculis</strong></span> <span class='ocrx_word' id='word_1_11' title='bbox 726 586 893 671; x_wconf 78' lang='lat' dir='ltr'><strong>prediscere</strong></span> <span class='ocrx_word' id='word_1_12' title='bbox 905 587 951 646; x_wconf 90' lang='lat' dir='ltr'><strong>ni·</strong></span> 
     </span>
     <span class='ocr_line' id='line_1_3' title="bbox 224 709 319 765; baseline 0.011 -18"><span class='ocrx_word' id='word_1_13' title='bbox 224 709 319 765; x_wconf 89' lang='lat' dir='ltr'><strong>gram,</strong></span> 
     </span>
    </p>

    <p class='ocr_par' dir='ltr' id='par_1_3' title="bbox 151 791 952 873">
     <span class='ocr_line' id='line_1_4' title="bbox 151 791 952 873; baseline 0.002 -24"><span class='ocrx_word' id='word_1_14' title='bbox 151 791 187 850; x_wconf 88' lang='lat' dir='ltr'><strong>Et</strong></span> <span class='ocrx_word' id='word_1_15' title='bbox 199 793 264 868; x_wconf 87' lang='lat' dir='ltr'><strong>quis</strong></span> <span class='ocrx_word' id='word_1_16' title='bbox 276 793 325 851; x_wconf 95' lang='lat' dir='ltr'><strong>cui</strong></span> <span class='ocrx_word' id='word_1_17' title='bbox 338 794 426 853; x_wconf 86' lang='lat' dir='ltr'><strong>color.</strong></span> <span class='ocrx_word' id='word_1_18' title='bbox 462 796 505 854; x_wconf 91' lang='lat' dir='ltr'><strong>At</strong></span> <span class='ocrx_word' id='word_1_19' title='bbox 517 794 686 856; x_wconf 91' lang='lat' dir='ltr'><strong>sceleratum</strong></span> <span class='ocrx_word' id='word_1_20' title='bbox 699 795 848 873; x_wconf 81' lang='lat' dir='ltr'><strong>exquirere</strong></span> <span class='ocrx_word' id='word_1_21' title='bbox 860 793 952 871; x_wconf 84' lang='lat' dir='ltr'><strong>srigus</strong></span> 
     </span>
    </p>

    <p class='ocr_par' dir='ltr' id='par_1_4' title="bbox 152 894 866 974">
     <span class='ocr_line' id='line_1_5' title="bbox 152 894 866 974; baseline 0.003 -22"><span class='ocrx_word' id='word_1_22' title='bbox 152 894 279 953; x_wconf 86' lang='lat' dir='ltr'><strong>Difficile</strong></span> <span class='ocrx_word' id='word_1_23' title='bbox 291 897 346 954; x_wconf 79' lang='lat' dir='ltr'><strong>ests</strong></span> <span class='ocrx_word' id='word_1_24' title='bbox 367 896 459 974; x_wconf 86' lang='lat' dir='ltr'><strong>piceae</strong></span> <span class='ocrx_word' id='word_1_25' title='bbox 471 908 587 956; x_wconf 86' lang='lat' dir='ltr'><strong>tantum</strong></span> <span class='ocrx_word' id='word_1_26' title='bbox 600 899 717 974; x_wconf 77' lang='lat' dir='ltr'><strong>taxique</strong></span> <span class='ocrx_word' id='word_1_27' title='bbox 730 906 866 956; x_wconf 86' lang='lat' dir='ltr'><strong>nocentes</strong></span> 
     </span>
    </p>

    <p class='ocr_par' dir='ltr' id='par_1_5' title="bbox 153 999 872 1079">
     <span class='ocr_line' id='line_1_6' title="bbox 153 999 872 1079; baseline 0.001 -22"><span class='ocrx_word' id='word_1_28' title='bbox 153 999 309 1072; x_wconf 80' lang='lat' dir='ltr'>Interdum,</span> <span class='ocrx_word' id='word_1_29' title='bbox 331 1010 382 1059; x_wconf 92' lang='lat' dir='ltr'><strong>aut</strong></span> <span class='ocrx_word' id='word_1_30' title='bbox 394 1002 486 1060; x_wconf 86' lang='lat' dir='ltr'><strong>ederae</strong></span> <span class='ocrx_word' id='word_1_31' title='bbox 498 1004 631 1079; x_wconf 89' lang='lat' dir='ltr'><strong>pandunt</strong></span> <span class='ocrx_word' id='word_1_32' title='bbox 643 1002 760 1079; x_wconf 85' lang='lat' dir='ltr'><strong>vestigia</strong></span> <span class='ocrx_word' id='word_1_33' title='bbox 773 1001 872 1078; x_wconf 86' lang='lat' dir='ltr'><strong>nigrae.</strong></span> 
     </span>
    </p>

    <p class='ocr_par' dir='ltr' id='par_1_6' title="bbox 153 1105 951 1389">
     <span class='ocr_line' id='line_1_7' title="bbox 188 1105 933 1176; baseline 0 -14"><span class='ocrx_word' id='word_1_34' title='bbox 188 1105 244 1163; x_wconf 86' lang='lat' dir='ltr'><strong>His</strong></span> <span class='ocrx_word' id='word_1_35' title='bbox 257 1105 468 1176; x_wconf 88' lang='lat' dir='ltr'><strong>animadversis,</strong></span> <span class='ocrx_word' id='word_1_36' title='bbox 482 1110 588 1164; x_wconf 81' lang='lat' dir='ltr'><strong>terram</strong></span> <span class='ocrx_word' id='word_1_37' title='bbox 600 1107 693 1164; x_wconf 88' lang='lat' dir='ltr'><strong>multo</strong></span> <span class='ocrx_word' id='word_1_38' title='bbox 706 1115 772 1164; x_wconf 87' lang='lat' dir='ltr'><strong>ante</strong></span> <span class='ocrx_word' id='word_1_39' title='bbox 785 1111 933 1164; x_wconf 87' lang='lat' dir='ltr'><strong>memento</strong></span> 
     </span>
     <span class='ocr_line' id='line_1_8' title="bbox 153 1206 951 1285; baseline 0 -20"><span class='ocrx_word' id='word_1_40' title='bbox 153 1207 327 1283; x_wconf 82' lang='lat' dir='ltr'><strong>Ercoquere,</strong></span> <span class='ocrx_word' id='word_1_41' title='bbox 340 1217 371 1265; x_wconf 89' lang='lat' dir='ltr'><strong>et</strong></span> <span class='ocrx_word' id='word_1_42' title='bbox 381 1227 500 1285; x_wconf 89' lang='lat' dir='ltr'><strong>magnos</strong></span> <span class='ocrx_word' id='word_1_43' title='bbox 513 1206 659 1267; x_wconf 85' lang='lat' dir='ltr'>scrobibus</span> <span class='ocrx_word' id='word_1_44' title='bbox 672 1208 822 1266; x_wconf 86' lang='lat' dir='ltr'>concidere</span> <span class='ocrx_word' id='word_1_45' title='bbox 834 1207 951 1280; x_wconf 86' lang='lat' dir='ltr'><strong>montis,</strong></span> 
     </span>
     <span class='ocr_line' id='line_1_9' title="bbox 154 1310 806 1389; baseline 0 -21"><span class='ocrx_word' id='word_1_46' title='bbox 154 1312 230 1369; x_wconf 83' lang='lat' dir='ltr'><strong>Ante</strong></span> <span class='ocrx_word' id='word_1_47' title='bbox 243 1311 389 1389; x_wconf 84' lang='lat' dir='ltr'><strong>supinatas</strong></span> <span class='ocrx_word' id='word_1_48' title='bbox 401 1310 529 1387; x_wconf 89' lang='lat' dir='ltr'><strong>aquiloni</strong></span> <span class='ocrx_word' id='word_1_49' title='bbox 542 1312 687 1369; x_wconf 85' lang='lat' dir='ltr'><strong>ostendere</strong></span> <span class='ocrx_word' id='word_1_50' title='bbox 700 1313 806 1389; x_wconf 80' lang='lat' dir='ltr'>glebas,</span> 
     </span>
    </p>

    <p class='ocr_par' dir='ltr' id='par_1_7' title="bbox 154 1402 942 1697">
     <span class='ocr_line' id='line_1_10' title="bbox 155 1402 942 1492; baseline 0.004 -22"><span class='ocrx_word' id='word_1_51' title='bbox 155 1413 251 1472; x_wconf 78' lang='lat' dir='ltr'><strong>Quam</strong></span> <span class='ocrx_word' id='word_1_52' title='bbox 264 1414 367 1471; x_wconf 84' lang='lat' dir='ltr'><strong>laetum</strong></span> <span class='ocrx_word' id='word_1_53' title='bbox 378 1413 503 1472; x_wconf 85' lang='lat' dir='ltr'><strong>infodias</strong></span> <span class='ocrx_word' id='word_1_54' title='bbox 515 1413 583 1471; x_wconf 87' lang='lat' dir='ltr'><strong>vitis</strong></span> <span class='ocrx_word' id='word_1_55' title='bbox 596 1432 695 1490; x_wconf 90' lang='lat' dir='ltr'><strong>genus.</strong></span> <span class='ocrx_word' id='word_1_56' title='bbox 721 1414 850 1492; x_wconf 87' lang='lat' dir='ltr'>Optuma</span> <span class='ocrx_word' id='word_1_57' title='bbox 862 1402 942 1492; x_wconf 87' lang='lat' dir='ltr'><strong>putri</strong></span> 
     </span>
     <span class='ocr_line' id='line_1_11' title="bbox 154 1514 900 1595; baseline 0.003 -22"><span class='ocrx_word' id='word_1_58' title='bbox 154 1517 229 1574; x_wconf 81' lang='lat' dir='ltr'><strong>Arva</strong></span> <span class='ocrx_word' id='word_1_59' title='bbox 243 1514 317 1574; x_wconf 85' lang='lat' dir='ltr'><strong>solo:</strong></span> <span class='ocrx_word' id='word_1_60' title='bbox 339 1515 371 1574; x_wconf 92' lang='lat' dir='ltr'><strong>id</strong></span> <span class='ocrx_word' id='word_1_61' title='bbox 382 1515 463 1574; x_wconf 89' lang='lat' dir='ltr'><strong>venti</strong></span> <span class='ocrx_word' id='word_1_62' title='bbox 476 1525 588 1585; x_wconf 88' lang='lat' dir='ltr'><strong>curant,</strong></span> <span class='ocrx_word' id='word_1_63' title='bbox 608 1517 766 1593; x_wconf 86' lang='lat' dir='ltr'><strong>gelidaeque</strong></span> <span class='ocrx_word' id='word_1_64' title='bbox 779 1517 900 1595; x_wconf 70' lang='lat' dir='ltr'><strong>pruinae,</strong></span> 
     </span>
     <span class='ocr_line' id='line_1_12' title="bbox 154 1617 834 1697; baseline 0.006 -23"><span class='ocrx_word' id='word_1_65' title='bbox 154 1618 190 1675; x_wconf 90' lang='lat' dir='ltr'><strong>Et</strong></span> <span class='ocrx_word' id='word_1_66' title='bbox 201 1618 342 1677; x_wconf 70' lang='lat' dir='ltr'><strong>labefasta</strong></span> <span class='ocrx_word' id='word_1_67' title='bbox 355 1637 474 1676; x_wconf 84' lang='lat' dir='ltr'><strong>movens</strong></span> <span class='ocrx_word' id='word_1_68' title='bbox 487 1619 616 1677; x_wconf 85' lang='lat' dir='ltr'><strong>robustus</strong></span> <span class='ocrx_word' id='word_1_69' title='bbox 624 1617 725 1697; x_wconf 86' lang='lat' dir='ltr'><strong>jugera</strong></span> <span class='ocrx_word' id='word_1_70' title='bbox 739 1619 834 1678; x_wconf 85' lang='lat' dir='ltr'><strong>fossor.</strong></span> 
     </span>
    </p>

    <p class='ocr_par' dir='ltr' id='par_1_8' title="bbox 154 1720 846 1798">
     <span class='ocr_line' id='line_1_13' title="bbox 154 1720 846 1798; baseline -0.001 -20"><span class='ocrx_word' id='word_1_71' title='bbox 154 1723 203 1790; x_wconf 86' lang='lat' dir='ltr'><strong>At,</strong></span> <span class='ocrx_word' id='word_1_72' title='bbox 224 1722 245 1778; x_wconf 86' lang='lat' dir='ltr'>fi</span> <span class='ocrx_word' id='word_1_73' title='bbox 259 1741 331 1796; x_wconf 92' lang='lat' dir='ltr'><strong>quos</strong></span> <span class='ocrx_word' id='word_1_74' title='bbox 343 1721 421 1779; x_wconf 88' lang='lat' dir='ltr'><strong>haud</strong></span> <span class='ocrx_word' id='word_1_75' title='bbox 434 1721 493 1779; x_wconf 88' lang='lat' dir='ltr'><strong>ulla</strong></span> <span class='ocrx_word' id='word_1_76' title='bbox 505 1720 580 1779; x_wconf 89' lang='lat' dir='ltr'><strong>viros</strong></span> <span class='ocrx_word' id='word_1_77' title='bbox 592 1720 743 1798; x_wconf 86' lang='lat' dir='ltr'><strong>vigilantia</strong></span> <span class='ocrx_word' id='word_1_78' title='bbox 757 1722 846 1798; x_wconf 88' lang='lat' dir='ltr'><strong>sugit,</strong></span> 
     </span>
    </p>

    <p class='ocr_par' dir='ltr' id='par_1_9' title="bbox 154 1821 953 2210">
     <span class='ocr_line' id='line_1_14' title="bbox 154 1821 953 1901; baseline 0.001 -19"><span class='ocrx_word' id='word_1_79' title='bbox 154 1824 231 1882; x_wconf 83' lang='lat' dir='ltr'><strong>Ante</strong></span> <span class='ocrx_word' id='word_1_80' title='bbox 243 1823 342 1880; x_wconf 88' lang='lat' dir='ltr'><strong>locum</strong></span> <span class='ocrx_word' id='word_1_81' title='bbox 355 1821 476 1882; x_wconf 77' lang='lat' dir='ltr'><strong>similem</strong></span> <span class='ocrx_word' id='word_1_82' title='bbox 488 1823 654 1898; x_wconf 79' lang='lat' dir='ltr'><strong>exquirunt,</strong></span> <span class='ocrx_word' id='word_1_83' title='bbox 668 1824 720 1882; x_wconf 91' lang='lat' dir='ltr'><strong>ubi</strong></span> <span class='ocrx_word' id='word_1_84' title='bbox 732 1823 824 1900; x_wconf 89' lang='lat' dir='ltr'><strong>prima</strong></span> <span class='ocrx_word' id='word_1_85' title='bbox 836 1830 953 1901; x_wconf 89' lang='lat' dir='ltr'><strong>paretur</strong></span> 
     </span>
     <span class='ocr_line' id='line_1_15' title="bbox 154 1925 864 2002; baseline 0 -18"><span class='ocrx_word' id='word_1_86' title='bbox 154 1926 312 1984; x_wconf 81' lang='lat' dir='ltr'><strong>Arboribus</strong></span> <span class='ocrx_word' id='word_1_87' title='bbox 326 1925 414 2002; x_wconf 88' lang='lat' dir='ltr'><strong>seges,</strong></span> <span class='ocrx_word' id='word_1_88' title='bbox 434 1935 464 1983; x_wconf 89' lang='lat' dir='ltr'><strong>et</strong></span> <span class='ocrx_word' id='word_1_89' title='bbox 476 1945 534 2002; x_wconf 91' lang='lat' dir='ltr'><strong>quo</strong></span> <span class='ocrx_word' id='word_1_90' title='bbox 547 1945 608 1983; x_wconf 90' lang='lat' dir='ltr'><strong>mos</strong></span> <span class='ocrx_word' id='word_1_91' title='bbox 621 1925 728 2002; x_wconf 88' lang='lat' dir='ltr'><strong>digesta</strong></span> <span class='ocrx_word' id='word_1_92' title='bbox 741 1927 864 1998; x_wconf 62' lang='lat' dir='ltr'><strong>senatun</strong></span> 
     </span>
     <span class='ocr_line' id='line_1_16' title="bbox 154 2015 873 2106; baseline 0.003 -19"><span class='ocrx_word' id='word_1_93' title='bbox 154 2029 302 2088; x_wconf 89' lang='lat' dir='ltr'><strong>Mutatam</strong></span> <span class='ocrx_word' id='word_1_94' title='bbox 315 2015 450 2106; x_wconf 49' lang='lat' dir='ltr'><strong>lgnore‘nt</strong></span> <span class='ocrx_word' id='word_1_95' title='bbox 462 2027 557 2086; x_wconf 91' lang='lat' dir='ltr'><strong>subito</strong></span> <span class='ocrx_word' id='word_1_96' title='bbox 571 2048 608 2086; x_wconf 92' lang='lat' dir='ltr'><strong>ne</strong></span> <span class='ocrx_word' id='word_1_97' title='bbox 622 2028 729 2086; x_wconf 90' lang='lat' dir='ltr'><strong>semina</strong></span> <span class='ocrx_word' id='word_1_98' title='bbox 742 2038 873 2089; x_wconf 85' lang='lat' dir='ltr'><strong>matrem.</strong></span> 
     </span>
     <span class='ocr_line' id='line_1_17' title="bbox 154 2130 880 2210; baseline 0 -21"><span class='ocrx_word' id='word_1_99' title='bbox 154 2132 233 2191; x_wconf 77' lang='lat' dir='ltr'><strong>Quin</strong></span> <span class='ocrx_word' id='word_1_100' title='bbox 247 2132 338 2190; x_wconf 89' lang='lat' dir='ltr'><strong>etiam</strong></span> <span class='ocrx_word' id='word_1_101' title='bbox 350 2132 416 2189; x_wconf 87' lang='lat' dir='ltr'><strong>coeli</strong></span> <span class='ocrx_word' id='word_1_102' title='bbox 429 2131 577 2207; x_wconf 88' lang='lat' dir='ltr'><strong>regionem</strong></span> <span class='ocrx_word' id='word_1_103' title='bbox 590 2131 621 2188; x_wconf 89' lang='lat' dir='ltr'><strong>iu</strong></span> <span class='ocrx_word' id='word_1_104' title='bbox 635 2130 740 2189; x_wconf 90' lang='lat' dir='ltr'><strong>cortice</strong></span> <span class='ocrx_word' id='word_1_105' title='bbox 754 2132 880 2210; x_wconf 84' lang='lat' dir='ltr'><strong>fignant:</strong></span> 
     </span>
    </p>

    <p class='ocr_par' dir='ltr' id='par_1_10' title="bbox 154 2234 953 2504">
     <span class='ocr_line' id='line_1_18' title="bbox 154 2234 933 2312; baseline 0.006 -20"><span class='ocrx_word' id='word_1_106' title='bbox 154 2234 204 2305; x_wconf 91' lang='lat' dir='ltr'><strong>Ut,</strong></span> <span class='ocrx_word' id='word_1_107' title='bbox 224 2255 283 2312; x_wconf 93' lang='lat' dir='ltr'><strong>quo</strong></span> <span class='ocrx_word' id='word_1_108' title='bbox 296 2253 418 2310; x_wconf 81' lang='lat' dir='ltr'><strong>quaeque</strong></span> <span class='ocrx_word' id='word_1_109' title='bbox 431 2235 515 2291; x_wconf 92' lang='lat' dir='ltr'><strong>medo</strong></span> <span class='ocrx_word' id='word_1_110' title='bbox 528 2234 646 2303; x_wconf 88' lang='lat' dir='ltr'><strong>steterit,</strong></span> <span class='ocrx_word' id='word_1_111' title='bbox 666 2234 723 2310; x_wconf 69' lang='lat' dir='ltr'><strong>qud</strong></span> <span class='ocrx_word' id='word_1_112' title='bbox 733 2245 814 2310; x_wconf 89' lang='lat' dir='ltr'><strong>parte</strong></span> <span class='ocrx_word' id='word_1_113' title='bbox 827 2238 933 2297; x_wconf 82' lang='lat' dir='ltr'><strong>calores</strong></span> 
     </span>
     <span class='ocr_line' id='line_1_19' title="bbox 155 2337 841 2414; baseline 0.003 -19"><span class='ocrx_word' id='word_1_114' title='bbox 155 2338 301 2397; x_wconf 88' lang='lat' dir='ltr'><strong>Austrinos</strong></span> <span class='ocrx_word' id='word_1_115' title='bbox 315 2337 423 2407; x_wconf 86' lang='lat' dir='ltr'><strong>tulerit,</strong></span> <span class='ocrx_word' id='word_1_116' title='bbox 445 2357 508 2413; x_wconf 89' lang='lat' dir='ltr'><strong>quae</strong></span> <span class='ocrx_word' id='word_1_117' title='bbox 522 2346 602 2414; x_wconf 87' lang='lat' dir='ltr'><strong>terga</strong></span> <span class='ocrx_word' id='word_1_118' title='bbox 615 2339 769 2396; x_wconf 85' lang='lat' dir='ltr'><strong>obverterit</strong></span> <span class='ocrx_word' id='word_1_119' title='bbox 782 2339 841 2409; x_wconf 83' lang='lat' dir='ltr'><strong>axi,</strong></span> 
     </span>
     <span class='ocr_line' id='line_1_20' title="bbox 157 2438 953 2504; baseline 0.006 -6"><span class='ocrx_word' id='word_1_120' title='bbox 157 2441 331 2499; x_wconf 67' lang='lat' dir='ltr'><strong>destituant:</strong></span> <span class='ocrx_word' id='word_1_121' title='bbox 346 2441 417 2499; x_wconf 91' lang='lat' dir='ltr'><strong>adeo</strong></span> <span class='ocrx_word' id='word_1_122' title='bbox 424 2438 456 2496; x_wconf 92' lang='lat' dir='ltr'><strong>in</strong></span> <span class='ocrx_word' id='word_1_123' title='bbox 467 2440 570 2497; x_wconf 90' lang='lat' dir='ltr'><strong>teneris</strong></span> <span class='ocrx_word' id='word_1_124' title='bbox 579 2439 760 2499; x_wconf 89' lang='lat' dir='ltr'><strong>consuescere</strong></span> <span class='ocrx_word' id='word_1_125' title='bbox 768 2442 894 2502; x_wconf 91' lang='lat' dir='ltr'><strong>multum</strong></span> <span class='ocrx_word' id='word_1_126' title='bbox 901 2444 953 2504; x_wconf 78' lang='lat' dir='ltr'><strong>etl!</strong></span> 
     </span>
    </p>

    <p class='ocr_par' dir='ltr' id='par_1_11' title="bbox 146 2542 954 3131">
     <span class='ocr_line' id='line_1_21' title="bbox 192 2542 882 2620; baseline 0.003 -19"><span class='ocrx_word' id='word_1_127' title='bbox 192 2543 332 2611; x_wconf 89' lang='lat' dir='ltr'><strong>Collibus,</strong></span> <span class='ocrx_word' id='word_1_128' title='bbox 353 2562 389 2601; x_wconf 93' lang='lat' dir='ltr'><strong>an</strong></span> <span class='ocrx_word' id='word_1_129' title='bbox 402 2542 488 2619; x_wconf 90' lang='lat' dir='ltr'><strong>plano</strong></span> <span class='ocrx_word' id='word_1_130' title='bbox 501 2542 605 2599; x_wconf 89' lang='lat' dir='ltr'><strong>melius</strong></span> <span class='ocrx_word' id='word_1_131' title='bbox 618 2543 653 2600; x_wconf 91' lang='lat' dir='ltr'><strong>s1t</strong></span> <span class='ocrx_word' id='word_1_132' title='bbox 664 2562 771 2620; x_wconf 89' lang='lat' dir='ltr'><strong>ponere</strong></span> <span class='ocrx_word' id='word_1_133' title='bbox 783 2544 882 2617; x_wconf 88' lang='lat' dir='ltr'><strong>vitem,</strong></span> 
     </span>
     <span class='ocr_line' id='line_1_22' title="bbox 146 2643 932 2728; baseline 0.004 -24"><span class='ocrx_word' id='word_1_134' title='bbox 146 2647 260 2711; x_wconf 60' lang='lat' dir='ltr'><strong>,Quaere</strong></span> <span class='ocrx_word' id='word_1_135' title='bbox 273 2645 362 2722; x_wconf 86' lang='lat' dir='ltr'><strong>prius.</strong></span> <span class='ocrx_word' id='word_1_136' title='bbox 404 2644 433 2701; x_wconf 84' lang='lat' dir='ltr'><strong>si</strong></span> <span class='ocrx_word' id='word_1_137' title='bbox 446 2643 562 2722; x_wconf 89' lang='lat' dir='ltr'><strong>pinguis</strong></span> <span class='ocrx_word' id='word_1_138' title='bbox 576 2664 658 2721; x_wconf 85' lang='lat' dir='ltr'><strong>agros</strong></span> <span class='ocrx_word' id='word_1_139' title='bbox 670 2648 815 2705; x_wconf 86' lang='lat' dir='ltr'><strong>metabere</strong></span> <span class='ocrx_word' id='word_1_140' title='bbox 828 2650 932 2728; x_wconf 86' lang='lat' dir='ltr'><strong>campi¹</strong></span> 
     </span>
     <span class='ocr_line' id='line_1_23' title="bbox 158 2746 933 2823; baseline 0.005 -19"><span class='ocrx_word' id='word_1_141' title='bbox 158 2748 336 2807; x_wconf 87' lang='lat' dir='ltr'><strong>Deusa&#39;sere:</strong></span> <span class='ocrx_word' id='word_1_142' title='bbox 358 2748 389 2804; x_wconf 92' lang='lat' dir='ltr'><strong>in</strong></span> <span class='ocrx_word' id='word_1_143' title='bbox 403 2746 489 2804; x_wconf 91' lang='lat' dir='ltr'><strong>denso</strong></span> <span class='ocrx_word' id='word_1_144' title='bbox 502 2766 560 2803; x_wconf 91' lang='lat' dir='ltr'><strong>non</strong></span> <span class='ocrx_word' id='word_1_145' title='bbox 572 2746 685 2823; x_wconf 86' lang='lat' dir='ltr'><strong>segnior</strong></span> <span class='ocrx_word' id='word_1_146' title='bbox 696 2750 785 2805; x_wconf 83' lang='lat' dir='ltr'><strong>ubere</strong></span> <span class='ocrx_word' id='word_1_147' title='bbox 795 2751 933 2819; x_wconf 70' lang='lat' dir='ltr'><strong>Bacchus,</strong></span> 
     </span>
     <span class='ocr_line' id='line_1_24' title="bbox 158 2849 860 2926; baseline 0.001 -19"><span class='ocrx_word' id='word_1_148' title='bbox 158 2850 203 2909; x_wconf 85' lang='lat' dir='ltr'><strong>Sin</strong></span> <span class='ocrx_word' id='word_1_149' title='bbox 217 2849 337 2909; x_wconf 85' lang='lat' dir='ltr'><strong>tumulis</strong></span> <span class='ocrx_word' id='word_1_150' title='bbox 350 2849 460 2907; x_wconf 86' lang='lat' dir='ltr'><strong>adclive</strong></span> <span class='ocrx_word' id='word_1_151' title='bbox 472 2849 564 2906; x_wconf 90' lang='lat' dir='ltr'><strong>solum</strong></span> <span class='ocrx_word' id='word_1_152' title='bbox 577 2849 715 2925; x_wconf 89' lang='lat' dir='ltr'><strong>collisque</strong></span> <span class='ocrx_word' id='word_1_153' title='bbox 728 2850 843 2926; x_wconf 85' lang='lat' dir='ltr'><strong>supinos</strong></span> <span class='ocrx_word' id='word_1_154' title='bbox 850 2876 860 2923; x_wconf 76' lang='lat'>3</span> 
     </span>
     <span class='ocr_line' id='line_1_25' title="bbox 159 2951 954 3031; baseline 0.001 -22"><span class='ocrx_word' id='word_1_155' title='bbox 159 2953 275 3031; x_wconf 91' lang='lat' dir='ltr'><strong>Indulge</strong></span> <span class='ocrx_word' id='word_1_156' title='bbox 288 2951 446 3010; x_wconf 88' lang='lat' dir='ltr'><strong>ordinibus.</strong></span> <span class='ocrx_word' id='word_1_157' title='bbox 486 2952 551 3010; x_wconf 89' lang='lat' dir='ltr'><strong>Nec</strong></span> <span class='ocrx_word' id='word_1_158' title='bbox 571 2951 659 3009; x_wconf 89' lang='lat' dir='ltr'><strong>secius</strong></span> <span class='ocrx_word' id='word_1_159' title='bbox 673 2952 767 3009; x_wconf 84' lang='lat' dir='ltr'><strong>omnis</strong></span> <span class='ocrx_word' id='word_1_160' title='bbox 779 2952 811 3009; x_wconf 88' lang='lat' dir='ltr'><strong>iu</strong></span> <span class='ocrx_word' id='word_1_161' title='bbox 824 2972 954 3030; x_wconf 83' lang='lat' dir='ltr'><strong>unguem</strong></span> 
     </span>
     <span class='ocr_line' id='line_1_26' title="bbox 161 3049 817 3131; baseline 0 -18"><span class='ocrx_word' id='word_1_162' title='bbox 161 3049 312 3115; x_wconf 85' lang='lat' dir='ltr'><strong>Arboribus</strong></span> <span class='ocrx_word' id='word_1_163' title='bbox 324 3054 420 3131; x_wconf 80' lang='lat' dir='ltr'><strong>positis</strong></span> <span class='ocrx_word' id='word_1_164' title='bbox 433 3053 507 3112; x_wconf 74' lang='lat' dir='ltr'><strong>seclo</strong></span> <span class='ocrx_word' id='word_1_165' title='bbox 520 3053 567 3111; x_wconf 91' lang='lat' dir='ltr'><strong>via</strong></span> <span class='ocrx_word' id='word_1_166' title='bbox 580 3054 674 3111; x_wconf 89' lang='lat' dir='ltr'><strong>limite</strong></span> <span class='ocrx_word' id='word_1_167' title='bbox 687 3056 817 3129; x_wconf 83' lang='lat' dir='ltr'><strong>quadret.</strong></span> 
     </span>
    </p>

    <p class='ocr_par' dir='ltr' id='par_1_12' title="bbox 163 3155 903 3440">
     <span class='ocr_line' id='line_1_27' title="bbox 163 3155 856 3237; baseline 0.001 -22"><span class='ocrx_word' id='word_1_168' title='bbox 163 3156 200 3215; x_wconf 91' lang='lat' dir='ltr'><strong>Ut</strong></span> <span class='ocrx_word' id='word_1_169' title='bbox 212 3159 293 3237; x_wconf 87' lang='lat' dir='ltr'><strong>saepe,</strong></span> <span class='ocrx_word' id='word_1_170' title='bbox 313 3155 428 3233; x_wconf 85' lang='lat' dir='ltr'><strong>ingenti</strong></span> <span class='ocrx_word' id='word_1_171' title='bbox 440 3157 516 3214; x_wconf 91' lang='lat' dir='ltr'><strong>bello</strong></span> <span class='ocrx_word' id='word_1_172' title='bbox 529 3175 620 3231; x_wconf 91' lang='lat' dir='ltr'><strong>quum</strong></span> <span class='ocrx_word' id='word_1_173' title='bbox 632 3155 719 3233; x_wconf 88' lang='lat' dir='ltr'><strong>longa</strong></span> <span class='ocrx_word' id='word_1_174' title='bbox 731 3157 856 3217; x_wconf 88' lang='lat' dir='ltr'><strong>cohortis</strong></span> 
     </span>
     <span class='ocr_line' id='line_1_28' title="bbox 166 3258 903 3343; baseline 0.007 -28"><span class='ocrx_word' id='word_1_175' title='bbox 166 3258 302 3338; x_wconf 83' lang='lat' dir='ltr'><strong>Explicuit</strong></span> <span class='ocrx_word' id='word_1_176' title='bbox 314 3259 402 3336; x_wconf 85' lang='lat' dir='ltr'><strong>legio,</strong></span> <span class='ocrx_word' id='word_1_177' title='bbox 423 3268 453 3316; x_wconf 90' lang='lat' dir='ltr'><strong>et</strong></span> <span class='ocrx_word' id='word_1_178' title='bbox 465 3277 567 3335; x_wconf 89' lang='lat' dir='ltr'><strong>campo</strong></span> <span class='ocrx_word' id='word_1_179' title='bbox 580 3258 657 3316; x_wconf 88' lang='lat' dir='ltr'><strong>stetit</strong></span> <span class='ocrx_word' id='word_1_180' title='bbox 670 3278 774 3335; x_wconf 88' lang='lat' dir='ltr'><strong>agmen</strong></span> <span class='ocrx_word' id='word_1_181' title='bbox 787 3270 903 3343; x_wconf 38' lang='lat' dir='ltr'><strong>apertos</strong></span> 
     </span>
     <span class='ocr_line' id='line_1_29' title="bbox 168 3346 900 3440; baseline -0.001 -19"><span class='ocrx_word' id='word_1_182' title='bbox 168 3358 336 3440; x_wconf 58' lang='lat' dir='ltr'><strong>utrcumque</strong></span> <span class='ocrx_word' id='word_1_183' title='bbox 348 3361 433 3433; x_wconf 87' lang='lat' dir='ltr'><strong>acies,</strong></span> <span class='ocrx_word' id='word_1_184' title='bbox 453 3380 486 3421; x_wconf 89' lang='lat' dir='ltr'><strong>ac</strong></span> <span class='ocrx_word' id='word_1_185' title='bbox 499 3361 557 3420; x_wconf 85' lang='lat' dir='ltr'><strong>late</strong></span> <span class='ocrx_word' id='word_1_186' title='bbox 570 3360 691 3420; x_wconf 69' lang='lat' dir='ltr'><strong>fluduat</strong></span> <span class='ocrx_word' id='word_1_187' title='bbox 704 3360 798 3420; x_wconf 89' lang='lat' dir='ltr'><strong>omnis</strong></span> <span class='ocrx_word' id='word_1_188' title='bbox 861 3369 863 3373; x_wconf 81' lang='grc'><strong>“</strong></span> <span class='ocrx_word' id='word_1_189' title='bbox 898 3346 900 3350; x_wconf 45' lang='grc'><strong>’</strong></span> 
     </span>
    </p>
   </div>
   <div class='ocr_carea' id='block_1_3' title="bbox 0 0 1145 4050">
    <p class='ocr_par' dir='ltr' id='par_1_13' title="bbox 0 0 1145 4050">
     <span class='ocr_line' id='line_1_30' title="bbox 0 0 1145 4050; baseline 0 0"><span class='ocrx_word' id='word_1_190' title='bbox 0 0 1145 4050; x_wconf 95' lang='lat' dir='ltr'><strong> </strong></span> 
     </span>
    </p>
   </div>
  </div>
 </body>
</html>
