2250 4050
122 463 150 507 V.
160 456 228 508 52³.
432 448 486 508 LI
501 450 530 509 B.
570 448 611 511 Il.
867 452 934 507 275'

129 602 190 662 Huc
201 606 322 665 tandem
334 608 474 665 concede:
496 606 558 665 baec
572 626 619 667 ara
636 606 764 665 tuebitur
776 605 883 679 omnia:

131 706 184 764 Aut
198 708 323 766 moriere
337 707 430 767 timul.
470 709 517 766 Sic
529 728 578 767 ore
590 708 685 777 effata,
707 708 816 785 recepit

135 807 249 880 lasese,
271 821 303 868 et
315 811 393 868 sacra
405 811 570 887 longaevum
582 811 614 867 in
628 811 692 869 sede
705 810 820 869 locavit.

165 912 251 970 Fccel
278 922 387 982 autem,
407 912 517 970 clausus
530 912 630 989 Pyrrhi
645 913 680 970 de
693 913 780 981 caede,
801 911 914 981 Polites,

138 1010 207 1071 Unus
220 1023 356 1072 natorum
369 1014 485 1084 Priami,
503 1033 555 1091 per
569 1015 635 1083 tela,
654 1033 705 1092 per
716 1014 811 1084 hostie,

140 1113 284 1175 Porticibus
296 1116 393 1193 longia
405 1116 492 1193 sugit,
512 1127 543 1174 et
554 1136 645 1174 vacua
659 1117 730 1174 atria
744 1117 842 1174 lutbat

142 1215 250 1278 Saucius.
291 1219 391 1286 Illum,
403 1219 513 1286 ardena,
525 1218 628 1276 infesto
641 1219 756 1276 volnere
769 1219 891 1296 Pyrrhus

142 1315 297 1397 Insequitur,
320 1319 519 1398 jamjamque
542 1340 630 1379 manu
653 1331 741 1391 tenet,
765 1332 795 1380 et
818 1323 925 1399 premit

201 1424 288 1486 hasta.

143 1517 172 1580 Ut
184 1527 298 1583 tandem
311 1533 380 1583 ante
393 1525 488 1583 oculos
501 1525 588 1584 evasit
600 1535 630 1583 et
642 1545 690 1584 ora
703 1535 866 1603 parentum,

144 1621 270 1696 Concidit,
291 1647 325 1686 ac
339 1628 431 1685 multo
443 1628 534 1686 vitam
547 1647 614 1685 cum
628 1628 766 1705 sanguine
779 1629 865 1687 fudit.

142 1720 185 1786 Hic
197 1731 334 1799 Priamus,
353 1749 527 1806 quamquam
539 1730 572 1787 in
590 1729 684 1787 media
694 1729 755 1806 jam
773 1741 866 1789 morte
880 1741 923 1790 te-

201 1842 296 1900 netur,

138 1922 193 1990 Non
207 1944 305 1992 tamen
320 1933 464 2005 abstinuit,
485 1954 539 1992 nec
551 1934 615 1992 voci
629 1935 734 2012 iraeque
747 1936 888 2014 pepercit:

136 2029 169 2093 At
180 2038 232 2095 tibi
245 2057 299 2114 pro
310 2036 424 2106 scelere,
443 2039 594 2109 exclamat,
614 2057 666 2115 pro
684 2038 788 2096 talibus
800 2040 881 2111 austu,

133 2126 173 2208 Di,
192 2142 211 2198 fi
227 2159 284 2217 qua
298 2140 338 2197 est
351 2142 423 2198 coelo
436 2141 535 2218 pietas,
556 2161 621 2217 quae
634 2140 702 2198 talia
715 2151 805 2213 curet,

130 2228 287 2300 Persolvant
299 2251 392 2318 grates
405 2242 516 2319 dignas,
535 2252 566 2299 ct
578 2243 695 2320 praemia
710 2244 828 2303 reddant
907 2286 910 2291 ·

125 2329 242 2402 Debita:
265 2343 317 2419 qni
331 2343 391 2401 uati
403 2363 499 2402 coram
512 2363 559 2401 me
572 2363 686 2403 cernere
700 2346 791 2403 letum

124 2434 232 2517 Fecisti,
256 2455 286 2503 et
298 2445 404 2523 patrios
416 2446 527 2504 foedasti
540 2446 641 2503 funere
655 2447 757 2505 voltus.

121 2546 161 2608 At
175 2568 236 2607 non
249 2546 423 2614 ille-satum
435 2568 493 2624 quo
507 2559 536 2606 te
549 2548 689 2617 mentiris,
709 2550 840 2610 Achilles

119 2644 200 2712 Talis
212 2652 245 2710 iu
258 2652 336 2715 hoste
349 2651 407 2709 fuit
417 2652 529 2709 Priamo
533 2676 541 2722 5
565 2651 611 2710 sed
620 2650 686 2728 jura
699 2652 845 2730 fidemque
871 2714 874 2719 ,

118 2752 264 2835 Supplicis
277 2753 401 2823 erubuit,
420 2773 579 2831 corpusque
591 2754 734 2830 exsangue
749 2755 876 2834 sepulcro

116 2853 262 2919 Reddidit
273 2858 457 2927 Hectoreum,
470 2874 574 2932 meque
584 2856 615 2913 in
627 2875 691 2914 mea
704 2875 792 2934 regna
805 2858 921 2917 remisit,

113 2960 165 3023 sie
178 2964 260 3022 fatus
273 2959 374 3031 senior,
395 2960 542 3035 telumque
554 2959 662 3017 inbelle
675 2960 733 3018 fine
746 2960 807 3019 ictu
910 2958 913 2966 “

113 3065 269 3144 Conjecit5
291 3081 376 3122 rauco
389 3063 474 3139 quod,
494 3062 624 3138 protinus
637 3081 692 3119 aere
706 3063 860 3140 repulsum,

117 3168 165 3230 Ex
173 3169 293 3230 summo
305 3166 391 3244 clipei
405 3164 600 3241 nequidquam
616 3167 743 3222 umbone
755 3167 901 3242 pependit⁴

117 3271 179 3331 cni
194 3269 331 3348 Pyrrhus:
354 3268 469 3325 Referes
481 3286 550 3343 ergo
564 3267 634 3337 haec,
654 3277 683 3325 et
696 3270 815 3327 nuntius
828 3269 892 3339 ibin,

113 3374 227 3436 -Pelidae
239 3371 377 3451 genitori:
399 3369 442 3428 illi
457 3388 521 3428 mea
540 3368 628 3432 tristia
639 3369 725 3441 facta,
