2250 4050
125 464 152 504 v.
164 453 235 505 m·
433 445 533 506 LIB.
573 441 631 504 111.
872 451 936 502 253.

125 601 299 661 Excutimur
310 601 402 675 cursu,
422 603 549 663 et'caecis
560 622 687 662 erramus
697 600 729 660 in
741 600 837 666 undis.

128 705 189 783 Ipse
202 706 283 764 diem
295 706 465 783 nostemque
478 717 567 785 negat
580 707 739 765 discernere
752 707 834 777 ooelo,

127 809 190 866 Nec
204 808 367 868 meminisse
379 810 434 869 viae
447 812 543 869 medis
558 811 707 871 Palinurus
718 810 750 867 in
763 811 850 868 undu.

127 913 192 971 Tris
204 914 288 984 adeo,
307 915 431 992 incertos
443 918 519 974 cases
532 914 666 992 caligine,
686 913 758 971 soles

127 1018 262 1076 Erramus
273 1017 391 1095 pelag03
413 1018 535 1077 totidem
548 1018 608 1077 fine
621 1019 710 1076 fidere
725 1017 837 1076 nostes:

129 1119 242 1178 Quarto
254 1129 330 1179 terra
343 1120 391 1179 die
403 1121 532 1198 primum
546 1120 576 1179 se
588 1121 725 1180 adtoliere
738 1120 857 1179 tandem

127 1223 208 1293 Visa3
231 1224 342 1300 aperire
354 1224 453 1301 procul
468 1224 585 1294 montis,
604 1243 638 1283 ac
651 1224 764 1282 volvere
777 1223 904 1284 firmum.

128 1325 196 1384 Vela
210 1327 333 1398 cadunt3
349 1325 435 1385 remis
444 1326 633 1404 insurgimus:
647 1327 723 1384 haud
733 1345 823 1397 mora,
833 1337 930 1386 nautae

129 1427 240 1493 Adnixi
254 1438 391 1504 torquent
402 1428 526 1506 spumas,
545 1440 574 1488 et
588 1430 691 1488 serula
703 1438 830 1487 verrunt.

165 1532 317 1590 Servatum
329 1550 368 1591 ex
379 1533 475 1603 undis,
495 1533 687 1610 Strophadum
703 1551 751 1590 me
767 1531 852 1590 litora
869 1531 929 1609 pri-

244 1652 327 1692 mum

129 1736 290 1815 Adcipiunt
297 1762 307 1809 ς
328 1737 499 1815 Strophades
512 1738 602 1797 Graio
614 1739 688 1797 stant
704 1739 823 1797 nomine
836 1739 929 1809 diue,-

128 1838 231 1898 Insulae
244 1839 329 1898 ionio
341 1840 372 1898 in
385 1859 505 1918 magno:
528 1860 599 1917 quas
611 1841 673 1898 dira
686 1841 813 1911 Celaeno,

128 1942 323 2021 Harpyiaeque
334 1943 434 2002 colunt
447 1944 521 2013 alim,
542 1944 663 2003 Phineia
675 1943 825 2021 postquam

128 2048 230 2107 Clausa
243 2050 355 2118 domus,
375 2048 543 2125 mensasque
556 2060 639 2108 metu
650 2050 760 2126 liquere
772 2049 888 2127 priores.

126 2150 246 2211 Tristius
259 2151 338 2210 haud
352 2151 409 2211 illis
421 2152 591 2221 monstrum,
610 2172 665 2210 uec
677 2152 777 2210 saevior
788 2152 850 2212 ulla
924 2190 927 2198 .

127 2253 220 2323 Pestis,
239 2263 270 2313 et
283 2254 326 2313 ira
338 2254 436 2324 deum,
456 2254 563 2332 Stygiis
576 2254 634 2313 sese
645 2255 753 2314 extulit
763 2256 858 2314 undis.

126 2355 260 2435 Virginei
271 2356 421 2415 volucrum
432 2358 536 2427 voltus,
557 2357 708 2415 soediffima
719 2358 827 2416 ventris

126 2459 280 2527 Proluvies,
299 2478 439 2537 unumque
450 2477 563 2529 manus,
583 2470 613 2518 et
625 2461 732 2538 pallida
745 2460 858 2540 semper

126 2561 183 2621 Ora
198 2562 286 2620 fame.
303 2594 306 2598 -

161 2668 234 2725 Huc
245 2666 297 2723 ubi
311 2664 399 2724 delati
410 2674 509 2744 portus
521 2666 702 2738 intravimus,
722 2670 803 2727 ecce!

126 2770 204 2829 Laets
218 2773 310 2829 boum
322 2769 422 2846 paffim
434 2770 543 2848 campis
556 2781 686 2830 armenta
702 2773 844 2844 videmus,

126 2873 381 2952 caprigenumque
397 2891 493 2950 pecus,
514 2873 596 2931 nullo
608 2875 733 2945 custode,
753 2896 804 2953 per
815 2876 929 2937 herbas.

125 2976 272 3035 Inruimus
285 2975 375 3047 serr03
398 2985 428 3033 et
441 2975 530 3045 divos,
549 2976 701 3053 ipsumque
714 2997 849 3038 vocamus

125 3079 157 3138 Iu
171 3089 285 3159 partem
298 3079 483 3156 praedamque
495 3080 609 3156 Jovem.
649 3081 729 3142 Tum
741 3081 826 3139 litore
838 3090 926 3141 curvo

125 3182 359 3258 Exstruimusque
372 3189 456 3253 toros,
467 3181 643 3259 dapibusque
653 3184 803 3260 epulamur
811 3184 926 3262 opimis.

127 3288 166 3344 At
178 3286 283 3345 subite
294 3284 430 3343 horrifico
442 3283 524 3360 lapsu
536 3284 572 3341 de
585 3286 732 3343 montibus
745 3286 849 3345 adsunt

119 3388 271 3467 Harpyiae,
291 3395 321 3446 et
332 3385 447 3464 magnis
459 3386 601 3466 quatiunt
611 3388 801 3474 clangur'hus
811 3391 894 3463 dass
936 3437 940 3441 .
986 3400 990 3406 “
