2250 4050
165 416 211 540 *90
403 467 735 539 nuoncmon,
864 423 951 528 md.

170 624 235 682 Aut
246 622 360 702 Alphea
373 625 440 683 rotis
452 626 569 702 praelabi
582 626 705 684 flumina
719 624 800 696 Pisae,

171 726 210 784 Et
222 728 300 804 Jovis
313 727 344 785 in
358 727 424 786 luco
435 747 535 797 currus
547 730 657 805 agitare
667 729 809 799 volantia3

169 812 282 887 'nimus
294 830 362 906 equi
374 830 455 889 labor
466 830 516 902 est,
536 832 646 889 animos
659 839 749 907 atque
762 849 842 891 arma
853 829 933 890 videre

171 932 346 1001 Bellautum,
366 933 509 1010 lituosque
521 934 596 1011 pati;
618 934 771 1009 tradisque
784 941 932 1010 gementem

171 1035 256 1092 Ferre
269 1044 369 1104 rotam,
388 1044 418 1093 et
431 1035 540 1093 stabulo
553 1036 648 1093 frenos
660 1036 761 1093 andire
775 1035 906 1103 sonantis3

171 1138 251 1195 Tum
263 1138 354 1215 magis
367 1148 454 1214 atque
466 1139 557 1214 magis
570 1137 682 1195 blandis
695 1139 823 1214 gaudere
836 1131 940 1214 magistri

173 1240 328 1308 Laudibus,
348 1248 378 1297 et
389 1239 495 1316 plausae
507 1239 632 1298 sonitum
644 1240 763 1298 cervicis
776 1258 880 1298 amare.

172 1341 273 1416 Atque
285 1341 356 1408 haec,
372 1339 433 1418 jam
445 1342 537 1418 primo
550 1340 684 1418 depulsus
696 1343 734 1400 ab
746 1344 835 1400 ubere
847 1338 936 1406 mattis,

173 1443 300 1513 Audeat,
320 1444 409 1520 inque
422 1445 513 1502 vinem
525 1446 575 1502 det
587 1444 722 1502 mollibus
735 1464 786 1504 ora
797 1443 913 1522 capistris

174 1547 328 1615 laudidus,
348 1547 493 1622 etiamque
507 1556 640 1618 tremens,
659 1548 750 1605 etiam
762 1547 866 1605 iusciru
878 1543 928 1604 ari·

175 1652 227 1720 At,
249 1651 338 1709 tribus
351 1651 455 1709 errastis
468 1650 518 1708 ubi
532 1656 635 1726 quartu
647 1649 795 1708 adcesserit
809 1649 893 1719 aestas,

175 1754 299 1830 Carpere
312 1763 379 1810 mox
393 1771 496 1828 gyrum
513 1753 640 1829 incipiat,
660 1753 854 1828 gradibusque
865 1750 944 1809 sonare

176 1855 346 1933 Conpositis,
366 1856 515 1930 sinuetque
527 1854 636 1913 alterna
648 1855 797 1913 volumina
810 1871 928 1922 crurunn

177 1960 276 2036 Sitque
288 1958 428 2017 laboranti
443 1956 552 2015 snnilis:
576 1967 640 2015 tum
652 1957 781 2014 cursibus
793 1976 884 2027 auras,

176 2064 256 2120 Tum
265 2071 348 2120 vocet
354 2086 362 2135 3
372 2081 414 2130 ac,
423 2080 472 2138 per
483 2070 580 2137 aperta
588 2061 695 2128 volans,
705 2080 760 2118 eeu
766 2061 840 2119 liber
850 2054 956 2122 babenb

177 2166 318 2241 AEquora,
338 2167 387 2223 vix
401 2166 511 2222 summa
522 2164 638 2241 vestigia
651 2174 740 2241 ponat
752 2166 852 2223 aena:

179 2268 282 2326 Qualis
295 2268 488 2345 Hyperboreis
501 2268 611 2342 Aquilo
623 2286 716 2342 quum
727 2268 831 2325 densus
844 2269 880 2326 ab
890 2262 935 2324 oris

179 2372 326 2439 Incubuit,
346 2370 527 2447 Scythiaeque
540 2369 643 2427 hiemis
655 2379 742 2445 atque
757 2370 838 2430 arida
850 2368 934 2429 diffet

178 2473 304 2532 Nubila:
328 2484 391 2532 turn
404 2474 512 2549 segetes
525 2473 591 2530 altae
603 2472 755 2548 campique
770 2482 898 2532 natantes

179 2576 306 2633 Lenibus
318 2575 485 2634 horrescunt
497 2574 603 2643 flabris,
616 2573 794 2650 summaeque
806 2576 926 2634 sonorem

178 2681 258 2737 Dant
273 2680 356 2749 lilvae,
376 2680 513 2757 longique
524 2688 652 2755 urguent
665 2678 700 2736 ad
713 2678 799 2737 litora
812 2679 921 2737 auena:

177 2777 232 2841 Ille
245 2783 331 2851 volat,
345 2783 427 2840 simul
439 2801 505 2840 arva
519 2780 600 2857 fugi,
622 2780 705 2839 fimul
719 2800 844 2856 aequora,
857 2789 962 2841 verm·

179 2887 238 2945 Hic
252 2887 298 2944 vel
312 2886 348 2943 ad
361 2886 422 2942 Elei
436 2894 527 2941 metas
539 2894 570 2941 et
582 2902 718 2941 maxuma
731 2886 825 2962 campi

181 2991 301 3048 Sudabit
314 2988 413 3065 spatia,
422 3017 425 3030 ι
433 2997 463 3045 et
476 2986 589 3064 spumas
601 2996 668 3063 aget
680 3006 728 3044 ore
741 2996 886 3057 cruentaa5

179 3092 293 3167 Belgica
306 3089 351 3151 vel
365 3090 445 3149 molli
459 3090 562 3147 melius
576 3089 650 3147 seret
662 3088 755 3148 esseda
767 3091 852 3150 eollo.

178 3194 259 3251 Tum
271 3194 397 3262 demum,
417 3190 505 3250 cratia
517 3209 657 3267 magnum
669 3191 822 3268 farragine,
841 3205 930 3269 corpus

180 3294 311 3352 Crescere
321 3294 382 3371 jam
395 3294 510 3353 domitis
523 3294 621 3365 finit05
643 3311 769 3369 namque
782 3303 850 3353 ante
862 3295 964 3353 donau*

257 3396 327 3454 dum
