2250 4050
377 464 605 524 ECLOGA
643 465 697 525 VI.
906 474 943 527 21

385 851 612 910 ECLOGA
650 852 704 910 VI.

446 1054 650 1108 SILENUS.

141 1228 246 1286 Pnrua
261 1230 405 1305 Syracosio
418 1232 537 1308 dignata
549 1233 590 1290 est
601 1232 700 1290 ludere
712 1229 794 1288 versu

140 1331 256 1400 Nostra,
276 1351 330 1390 nec
343 1335 458 1392 erubuit
471 1334 552 1393 silvas
565 1334 704 1400 habitare,
724 1331 838 1390 Thalia.

142 1435 246 1492 Quum
260 1454 394 1494 canerem
407 1456 488 1514 reges
500 1447 530 1495 et
543 1437 654 1514 proelia,
674 1435 820 1512 Cynthius
831 1446 930 1490 aurem

141 1537 244 1605 Vellit,
264 1547 295 1595 et
308 1540 471 1597 admonuit:
495 1540 645 1608 Pastorem,
663 1538 775 1614 Tityre,
794 1535 911 1613 pinguis

142 1639 259 1698 Pascere
271 1650 385 1718 oportet
398 1643 467 1711 ovis,
488 1642 643 1700 dedudtum
657 1641 752 1698 dicere
765 1655 889 1696 carmen.

141 1743 233 1800 Nunc
250 1762 320 1820 eg03
349 1762 474 1820 namque
491 1744 576 1822 super
593 1744 647 1802 tibi
665 1751 759 1810 erunt,
778 1739 829 1817 qui
849 1738 942 1798 dicere

221 1845 329 1914 laudes,
482 1852 484 1857 '
781 1848 785 1856 '

141 1949 228 2017 Vare,
248 1957 312 2006 tuas
324 1949 452 2027 cupiant,
472 1957 502 2008 et
515 1949 603 2007 tristia
617 1948 739 2007 condere
752 1946 827 2004 bella
833 1972 842 2018 5

139 2052 296 2129 Agrestem
309 2053 389 2110 tenui
402 2054 562 2111 meditabor
575 2051 715 2110 arundine
727 2050 853 2108 Musam.
922 2054 924 2057 ‘

141 2156 212 2213 Non
226 2154 328 2231 injussa
341 2174 421 2213 cano.
463 2156 492 2213 Si
505 2156 569 2232 quis
588 2164 685 2213 tamen
703 2153 767 2211 haec
778 2172 901 2230 quoque,
920 2154 942 2211 fi

222 2258 298 2334 quis,
737 2267 738 2272 ’

140 2363 254 2438 Captus
267 2380 373 2430 amore,
393 2362 484 2438 leget3
506 2371 535 2419 te
548 2360 657 2429 nostrae,
677 2360 763 2429 Vare,
783 2358 909 2435 myricae,

138 2465 184 2522 Te
200 2481 393 2521 nemusomne
401 2473 499 2535 canet;
521 2482 576 2521 nec
588 2463 695 2521 Phoebo
706 2461 814 2538 gratior
823 2460 883 2519 ulia
892 2462 941 2532 est,

141 2567 243 2624 Quam
257 2566 309 2624 fibi
322 2585 387 2641 quae
399 2567 469 2625 Vari
479 2566 648 2644 praescripfit
660 2564 766 2641 pagina
779 2582 895 2622 nomen.

181 2669 306 2745 Pergite‚
321 2669 453 2729 Pierides.
482 2668 617 2727 Chromis
624 2676 653 2726 et
661 2667 942 2752 Mnasylusinantro

140 2772 273 2829 Silenum
286 2772 368 2847 pueri
382 2772 480 2830 somno
492 2772 589 2829 videre
598 2770 753 2847 jacentem,
935 2751 937 2754 ⁵

139 2874 281 2935 Inflatum
294 2873 422 2932 hesterno
435 2894 530 2943 venas,
549 2885 584 2931 ut
597 2873 716 2949 semper,
730 2872 850 2930 Iaccho:

139 2980 221 3037 Serta
234 2977 344 3053 procul,
365 2987 479 3035 tantum
492 2976 581 3054 capiti
594 2975 716 3052 delapsa,
733 2973 869 3051 jacebant
873 3000 882 3045 5

139 3083 177 3138 Et
191 3080 286 3157 gravis
299 3079 404 3137 adtriti
416 3081 559 3157 pendebat
569 3079 722 3137 cantharus
734 3077 812 3135 ansi.

137 3182 273 3259 Adgreffi
296 3190 377 3256 (nam
391 3181 562 3259 saepe-senex
577 3180 625 3257 spe
638 3180 772 3239 carminis
785 3182 871 3239 ambo

138 3285 276 3358 Luserat)
298 3283 432 3360 injiciunt
444 3284 510 3361 ipsis
523 3304 560 3341 ex
573 3283 689 3341 vincula
702 3282 792 3340 sertis.
848 3295 851 3300 '

137 3388 235 3447 Addit
249 3385 279 3445 se
292 3386 406 3458 sociam,
428 3386 595 3462 timidisque
608 3385 781 3463 supervenit,
801 3384 907 3463 AEgle3
926 3402 928 3405 ’
