2250 4050
146 442 226 501 areu·
439 434 539 500 n1n.
578 437 630 499 L.
861 448 919 519 19⁵

162 596 222 670 Olli,
235 596 396 669 subridens,
409 597 563 656 hominum
576 595 651 656 sutor
663 606 751 676 atque
763 601 896 675 deornm,

146 700 212 774 (oltu,
231 720 292 779 quo
303 702 412 760 eoelum
425 702 663 780 tempestatesque
676 703 799 775 serenat,

146 801 218 865 >scula
229 806 335 865 libavit
346 816 434 878 natae3
456 806 562 865 dehinc
576 807 644 866 talia
656 808 751 867 satur:

146 908 302 982 'areemetu
324 911 482 987 Cytheren
503 921 623 970 manent
634 910 746 971 inmota
760 923 877 973 tuorum

146 1011 185 1073 ita
197 1015 265 1086 tibi;
287 1034 386 1073 cernes
397 1018 500 1073 urbem
512 1025 542 1075 et
554 1016 687 1093 promiffa
701 1017 805 1075 Lavini

146 1116 236 1189 iunia,
254 1116 468 1194 sublimemque
480 1120 554 1179 seres
566 1121 603 1179 ad
616 1121 705 1179 fidem
718 1122 783 1179 ooeli

146 1220 339 1300 iagnanimnm
348 1224 480 1283 AEneun:
502 1242 598 1302 neque
608 1244 656 1283 me
666 1225 807 1284 sententia
817 1224 917 1285 vertit.
974 1300 977 1306 Ι

146 1324 178 1384 iic
193 1326 247 1387 tibi
265 1328 364 1405 (fabor
374 1328 463 1398 enim,
481 1331 598 1406 quando
611 1330 674 1388 haec
688 1340 716 1388 te
728 1348 796 1388 cura
808 1347 916 1388 remor·

192 1432 250 1502 (iet,

146 1536 242 1613 ungine
254 1545 285 1595 et
297 1536 414 1595 volvens
426 1537 553 1596 fatorum
566 1555 666 1597 arcana
681 1537 817 1612 movebo)

146 1639 227 1698 ¹ellum
237 1640 343 1718 ingens
355 1651 436 1718 geret
448 1641 541 1712 Italia,
560 1642 740 1719 populosque
752 1640 856 1699 ferocis

146 1744 283 1804 'ontundet
287 1770 296 1817 3
318 1764 470 1822 moresque
481 1744 551 1804 viris
563 1755 593 1804 et
605 1744 712 1804 moenia
724 1754 828 1822 ponet:

146 1846 212 1908 'ertia
224 1851 297 1908 dum
310 1849 395 1909 Latio
407 1859 577 1928 regnantem
589 1849 695 1908 viderit
707 1849 795 1920 aestae,

146 1940 267 2033 'emaque
280 1954 442 2014 transierint
456 1953 571 2012 Rutulis
584 1952 705 2012 hiberna
718 1951 851 2012 subaffls.

146 2064 163 2114 rt
172 2077 241 2136 puer
253 2057 405 2129 Ascanius,
424 2060 473 2118 cui
486 2075 565 2118 nunc
577 2077 738 2137 cognomen
752 2058 817 2116 Iulo

146 2159 252 2232 uitlitur,¹
272 2164 347 2239 (Iius
359 2172 430 2234 erat,
449 2164 522 2222 dum
533 2181 579 2222 ren
591 2164 669 2221 stetit
680 2162 735 2221 Ilia
748 2164 850 2238 regno)

146 2263 249 2343 'riginte
262 2285 383 2345 magnos
395 2268 541 2326 volvendis
554 2269 699 2326 meufibus
711 2266 788 2325 orbis

146 2361 241 2446 nperio
253 2372 391 2449 explebit,
411 2390 592 2449 regnumque
605 2373 641 2429 ab
659 2371 724 2428 sede
738 2369 840 2429 Lavini

146 2469 289 2543 funsfereu
309 2482 339 2532 et
356 2474 475 2550 iungam
487 2474 580 2531 multi
592 2475 621 2533 vi
634 2473 747 2531 muniet
759 2473 877 2531 Albam.

146 2571 178 2634 iic
183 2575 243 2654 jam
257 2587 432 2635 tercentum
446 2587 519 2636 totos
531 2579 702 2656 regnabitur
713 2595 803 2636 annon

146 2677 210 2740 iente
221 2681 275 2740 sub
289 2681 449 2754 Hebi'orei5
470 2683 562 2740 donec
576 2682 675 2759 regina
689 2682 826 2749 sacerdos,

146 2782 212 2844 inne
224 2785 327 2863 gravis,
349 2787 495 2864 geminam
507 2796 593 2863 partu
605 2786 687 2845 dabit
700 2786 754 2844 Ilia
761 2786 885 2863 ¹prolem.

146 2887 197 2958 nde,
215 2890 293 2968 lupae
305 2890 386 2949 fulvo
400 2889 522 2949 nutricis
535 2891 663 2967 tegmine
676 2890 770 2961 laetus,

146 2992 254 3051 mulus
266 2994 392 3071 excipiet
405 3003 530 3071 gentem,
550 3005 582 3051 et
595 2992 740 3051 Mavortia
753 2994 857 3051 condet

146 3091 235 3167 iunia,
259 3097 461 3173 Romanosque
473 3095 523 3153 suo
536 3096 572 3153 de
586 3096 703 3153 nomine
716 3096 805 3154 dicet.

146 3192 237 3276 iieego
250 3218 303 3258 nec
316 3207 409 3257 metas
423 3217 529 3270 rerum,
550 3217 603 3256 nec
617 3209 755 3274 tempora,
774 3213 863 3275 pono:

146 3301 272 3377 uperium
285 3302 344 3372 fine
357 3291 416 3360 fine
429 3300 505 3359 dedi.
547 3300 630 3360 Quin
642 3301 740 3380 aspera
754 3303 843 3381 June,

146 3397 368 3476 inemarenunc,
380 3412 527 3485 terrasque
533 3416 631 3481 metu,
637 3408 814 3486 coeiumque
819 3406 948 3483 (augur,
