2250 4050
233 453 271 522 74
467 451 802 521 GEORGICON,
928 454 1013 510 muts.

233 607 290 666 Sed
303 607 393 666 trudit
405 628 543 686 gemmas,
563 618 594 669 et
606 608 717 668 frondis
729 606 858 687 explicat
869 605 964 666 omnis.

274 711 306 769 N
307 729 344 769 on
358 711 428 770 alios
439 712 533 790 primi
546 712 697 771 crescentis
709 711 825 789 origine
837 709 938 768 muudi

236 812 374 872 Inluxisse
386 813 456 886 dies,
475 815 601 874 aliumve
613 813 741 874 habuisse
757 824 889 872 tenorem

236 916 435 976 Crediderim:
460 937 511 976 ver
522 917 596 976 illud
609 926 684 989 erat,
706 936 757 978 ver
770 936 893 994 maguus
905 913 992 993 agebat

235 1018 333 1088 Orbis,
353 1029 383 1077 et
396 1019 524 1078 hibernis
536 1023 690 1098 parcebant
702 1019 820 1079 flatibus
832 1018 919 1077 Euris

236 1124 339 1182 Quum
350 1123 452 1201 primae
464 1125 559 1182 lucem
571 1125 693 1201 pecudes
705 1123 834 1192 hausere,
851 1122 987 1197 virumque

235 1227 336 1286 Ferrea
349 1228 499 1305 progenies
511 1227 590 1285 duris
602 1238 688 1304 caput
700 1226 808 1284 extulit
821 1226 904 1296 arvis,

234 1329 416 1405 Inmissaeque
428 1331 496 1388 serae
510 1329 593 1401 silvis,
614 1339 645 1387 et
658 1329 745 1387 fidera
759 1329 844 1389 coelo.

234 1432 300 1492 Nec
313 1452 356 1491 res
369 1433 447 1492 hunc
461 1442 566 1493 tenerae
579 1432 689 1510 pollent
701 1432 828 1509 perferre
840 1431 968 1498 laborem,

234 1536 265 1595 Si
279 1555 337 1594 non
353 1533 431 1594 tauta
444 1536 525 1613 quies
537 1535 593 1594 iret
606 1535 754 1612 frigusque
767 1535 948 1610 caloremque

233 1640 323 1709 Inter,
343 1649 374 1697 et
386 1638 530 1715 exciperet
542 1637 609 1696 coeli
622 1637 804 1714 indulgentia
819 1646 917 1695 terras.
991 1635 993 1642 '

274 1743 363 1801 Quod
376 1741 506 1819 superest,
521 1759 709 1817 quaecumque
720 1758 833 1817 premes
846 1739 966 1816 virgulta
975 1748 1010 1812 ptr

349 1863 365 1902 a
387 1863 431 1902 ros

232 1947 338 2023 Sparge
351 1864 421 2004 fiiuo
431 1886 546 2024 pingui,
560 1954 590 2004 et
602 1946 695 2032 multi
708 1963 819 2003 memor
832 1945 932 2004 occule
941 1937 1009 2008 terrlt

231 2048 296 2107 Aut
312 2049 438 2126 lapidem
452 2050 595 2120 bibulum,
615 2058 667 2107 aut
684 2048 840 2125 squalentis
853 2049 1010 2107 insonent-

310 2151 392 2223 chas;

232 2253 312 2312 Inter
324 2253 403 2312 euim
416 2254 549 2313 labentur
561 2274 652 2331 aquae,
673 2254 825 2330 tenuisque
838 2254 947 2313 subibit

231 2356 358 2429 Halitus,
369 2366 456 2433 atque
466 2357 576 2415 animos
585 2357 688 2415 tollent
698 2356 766 2414 sata.
784 2357 908 2435 Jamque
917 2346 1008 2435 reputt

206 2436 212 2445 ’
232 2460 295 2517 Qui
310 2460 377 2518 saxo
389 2461 481 2539 super,
502 2468 589 2536 atque
602 2459 729 2537 ingentis
741 2461 870 2535 pondere
884 2461 965 2529 teste,

230 2560 409 2639 Urguerent:
432 2564 487 2620 hoc
500 2562 604 2622 effusos
617 2562 767 2620 munimen
781 2564 818 2621 ad
831 2563 931 2621 imbris
935 2588 944 2634 3
990 2557 992 2562 ’

227 2662 305 2734 Hoc,
325 2664 378 2721 ubi
390 2664 486 2723 hiulca
499 2664 545 2722 siti
558 2664 645 2722 findit
656 2663 735 2723 canis
748 2664 852 2724 aestifer
865 2685 940 2725 arva.

270 2765 432 2825 Seminibus
444 2767 551 2845 positis,
573 2765 696 2845 superest
708 2768 850 2825 deducere
865 2778 964 2826 terram

228 2869 337 2947 Saepius
350 2872 386 2928 ad
399 2869 503 2947 capita,
522 2878 553 2926 et
564 2870 649 2927 duros
657 2868 764 2947 jatiare
778 2869 919 2942 bidentis;
945 2939 954 2960 ι

228 2976 293 3034 Aut
305 2974 394 3052 presso
408 2992 541 3031 exercere
553 2973 646 3030 solum
660 2971 712 3030 sub
724 2992 849 3043 vomere,
870 2983 901 3033 et
912 2972 966 3052 ipsa

227 3076 354 3135 Fledere
367 3076 500 3134 ludiantis
513 3075 590 3133 inter
601 3074 698 3142 vineta
707 3073 855 3151 juvencos.

227 3178 307 3237 Tum
319 3177 390 3235 levis
402 3179 533 3248 calamos,
554 3185 583 3235 et
597 3177 666 3235 rasae
678 3177 789 3235 hastilia
803 3178 901 3256 virgae,

229 3280 439 3357 Fraxineasque
452 3289 549 3357 aptare
561 3280 653 3350 sudes,
673 3280 825 3355 furcasque
835 3280 967 3349 bicornist

229 3382 348 3444 Viribus
361 3382 433 3443 eniti
446 3401 577 3462 quarum,
587 3390 627 3452 ,et
644 3391 828 3446 contemnere
840 3393 937 3446 ventos
