<?xml version="1.0" encoding="UTF-8"?>
<!DOCTYPE html PUBLIC "-//W3C//DTD XHTML 1.0 Transitional//EN"
    "http://www.w3.org/TR/xhtml1/DTD/xhtml1-transitional.dtd">
<html xmlns="http://www.w3.org/1999/xhtml" xml:lang="en" lang="en">
 <head>
  <title>
</title>
<meta http-equiv="Content-Type" content="text/html;charset=utf-8" />
  <meta name='ocr-system' content='tesseract 3.04.00' />
  <meta name='ocr-capabilities' content='ocr_page ocr_carea ocr_par ocr_line ocrx_word'/>
</head>
<body>
  <div class='ocr_page' id='page_1' title='image "./pvirgiliimaroni03marogoog/pvirgiliimaroni03marogoog_0120.png"; bbox 0 0 2250 4050; ppageno 0'>
   <div class='ocr_carea' id='block_1_1' title="bbox 170 462 944 535">
    <p class='ocr_par' dir='ltr' id='par_1_1' title="bbox 170 462 944 535">
     <span class='ocr_line' id='line_1_1' title="bbox 170 462 944 535; baseline -0.008 -12"><span class='ocrx_word' id='word_1_1' title='bbox 170 470 225 523; x_wconf 82' lang='lat'>112</span> <span class='ocrx_word' id='word_1_2' title='bbox 401 462 739 535; x_wconf 88' lang='lat' dir='ltr'>GEORGICON,</span> <span class='ocrx_word' id='word_1_3' title='bbox 861 466 944 531; x_wconf 68' lang='lat' dir='ltr'>um.</span> 
     </span>
    </p>
   </div>
   <div class='ocr_carea' id='block_1_2' title="bbox 169 618 949 3484">
    <p class='ocr_par' dir='ltr' id='par_1_2' title="bbox 169 618 949 3484">
     <span class='ocr_line' id='line_1_2' title="bbox 169 618 883 700; baseline 0.001 -24"><span class='ocrx_word' id='word_1_4' title='bbox 169 618 321 696; x_wconf 86' lang='lat' dir='ltr'>Cecropias</span> <span class='ocrx_word' id='word_1_5' title='bbox 333 619 452 679; x_wconf 85' lang='lat' dir='ltr'>innatus</span> <span class='ocrx_word' id='word_1_6' title='bbox 463 640 530 700; x_wconf 84' lang='lat' dir='ltr'>apes</span> <span class='ocrx_word' id='word_1_7' title='bbox 541 640 623 681; x_wconf 87' lang='lat' dir='ltr'>amor</span> <span class='ocrx_word' id='word_1_8' title='bbox 635 628 743 699; x_wconf 82' lang='lat' dir='ltr'>urguet</span> <span class='ocrx_word' id='word_1_9' title='bbox 755 618 883 688; x_wconf 72' lang='lat' dir='ltr'>habendi,</span> 
     </span>
     <span class='ocr_line' id='line_1_3' title="bbox 169 722 923 802; baseline 0.003 -23"><span class='ocrx_word' id='word_1_10' title='bbox 169 722 295 780; x_wconf 90' lang='lat' dir='ltr'>Munere</span> <span class='ocrx_word' id='word_1_11' title='bbox 307 743 452 802; x_wconf 89' lang='lat' dir='ltr'>quamque</span> <span class='ocrx_word' id='word_1_12' title='bbox 465 725 523 783; x_wconf 90' lang='lat' dir='ltr'>suo.</span> <span class='ocrx_word' id='word_1_13' title='bbox 557 724 725 784; x_wconf 82' lang='lat' dir='ltr'>Grandaevis</span> <span class='ocrx_word' id='word_1_14' title='bbox 739 723 843 801; x_wconf 81' lang='lat' dir='ltr'>oppida</span> <span class='ocrx_word' id='word_1_15' title='bbox 854 738 923 788; x_wconf 66' lang='grc' dir='ltr'>απ,</span> 
     </span>
     <span class='ocr_line' id='line_1_4' title="bbox 169 826 833 905; baseline 0 -22"><span class='ocrx_word' id='word_1_16' title='bbox 169 827 207 883; x_wconf 83' lang='lat' dir='ltr'>lit</span> <span class='ocrx_word' id='word_1_17' title='bbox 220 826 334 884; x_wconf 89' lang='lat' dir='ltr'>munire</span> <span class='ocrx_word' id='word_1_18' title='bbox 345 827 434 897; x_wconf 86' lang='lat' dir='ltr'>savus,</span> <span class='ocrx_word' id='word_1_19' title='bbox 453 837 483 887; x_wconf 86' lang='lat' dir='ltr'>et</span> <span class='ocrx_word' id='word_1_20' title='bbox 495 826 605 887; x_wconf 83' lang='lat' dir='ltr'>daedela</span> <span class='ocrx_word' id='word_1_21' title='bbox 618 827 731 905; x_wconf 82' lang='lat' dir='ltr'>fingere</span> <span class='ocrx_word' id='word_1_22' title='bbox 744 826 833 885; x_wconf 68' lang='lat' dir='ltr'>tesia:</span> 
     </span>
     <span class='ocr_line' id='line_1_5' title="bbox 169 930 836 1000; baseline 0.004 -12"><span class='ocrx_word' id='word_1_23' title='bbox 169 932 213 988; x_wconf 89' lang='lat' dir='ltr'>At</span> <span class='ocrx_word' id='word_1_24' title='bbox 225 930 301 988; x_wconf 84' lang='lat' dir='ltr'>sessae</span> <span class='ocrx_word' id='word_1_25' title='bbox 314 930 406 989; x_wconf 76' lang='lat' dir='ltr'>multi</span> <span class='ocrx_word' id='word_1_26' title='bbox 420 933 549 991; x_wconf 89' lang='lat' dir='ltr'>referunt</span> <span class='ocrx_word' id='word_1_27' title='bbox 561 932 591 989; x_wconf 91' lang='lat' dir='ltr'>se</span> <span class='ocrx_word' id='word_1_28' title='bbox 604 932 687 990; x_wconf 66' lang='lat' dir='ltr'>notite</span> <span class='ocrx_word' id='word_1_29' title='bbox 700 931 836 1000; x_wconf 79' lang='lat' dir='ltr'>minores,</span> 
     </span>
     <span class='ocr_line' id='line_1_6' title="bbox 170 1028 930 1111; baseline 0.004 -20"><span class='ocrx_word' id='word_1_30' title='bbox 170 1035 263 1091; x_wconf 85' lang='lat' dir='ltr'>Crura</span> <span class='ocrx_word' id='word_1_31' title='bbox 276 1034 377 1110; x_wconf 87' lang='lat' dir='ltr'>thymo</span> <span class='ocrx_word' id='word_1_32' title='bbox 389 1035 497 1111; x_wconf 81' lang='lat' dir='ltr'>pleuae3</span> <span class='ocrx_word' id='word_1_33' title='bbox 518 1033 674 1111; x_wconf 87' lang='lat' dir='ltr'>pascuntur</span> <span class='ocrx_word' id='word_1_34' title='bbox 685 1043 715 1092; x_wconf 91' lang='lat' dir='ltr'>et</span> <span class='ocrx_word' id='word_1_35' title='bbox 730 1036 830 1093; x_wconf 79' lang='lat' dir='ltr'>arbuta</span> <span class='ocrx_word' id='word_1_36' title='bbox 842 1028 930 1111; x_wconf 68' lang='lat' dir='ltr'>pasfinb</span> 
     </span>
     <span class='ocr_line' id='line_1_7' title="bbox 170 1135 942 1219; baseline -0.001 -26"><span class='ocrx_word' id='word_1_37' title='bbox 170 1138 209 1194; x_wconf 85' lang='lat' dir='ltr'>Et</span> <span class='ocrx_word' id='word_1_38' title='bbox 225 1138 339 1214; x_wconf 86' lang='lat' dir='ltr'>glaucas</span> <span class='ocrx_word' id='word_1_39' title='bbox 355 1135 463 1209; x_wconf 87' lang='lat' dir='ltr'>salices,</span> <span class='ocrx_word' id='word_1_40' title='bbox 483 1138 653 1219; x_wconf 83' lang='lat' dir='ltr'>casiamque,</span> <span class='ocrx_word' id='word_1_41' title='bbox 673 1155 848 1214; x_wconf 88' lang='lat' dir='ltr'>crocumque</span> <span class='ocrx_word' id='word_1_42' title='bbox 864 1135 942 1193; x_wconf 80' lang='lat' dir='ltr'>ruben·</span> 
     </span>
     <span class='ocr_line' id='line_1_8' title="bbox 249 1250 317 1310; baseline 0.029 -15"><span class='ocrx_word' id='word_1_43' title='bbox 249 1250 317 1310; x_wconf 89' lang='lat' dir='ltr'>tem,</span> 
     </span>
     <span class='ocr_line' id='line_1_9' title="bbox 171 1342 903 1421; baseline -0.003 -22"><span class='ocrx_word' id='word_1_44' title='bbox 171 1343 209 1400; x_wconf 92' lang='lat' dir='ltr'>Et</span> <span class='ocrx_word' id='word_1_45' title='bbox 222 1342 361 1419; x_wconf 86' lang='lat' dir='ltr'>pinguem</span> <span class='ocrx_word' id='word_1_46' title='bbox 375 1342 478 1413; x_wconf 84' lang='lat' dir='ltr'>tiliam,</span> <span class='ocrx_word' id='word_1_47' title='bbox 497 1342 721 1421; x_wconf 69' lang='lat' dir='ltr'>et&#39;sermgine&#39;os</span> <span class='ocrx_word' id='word_1_48' title='bbox 734 1342 903 1421; x_wconf 83' lang='lat' dir='ltr'>hyacinthos.</span> 
     </span>
     <span class='ocr_line' id='line_1_10' title="bbox 171 1445 943 1523; baseline -0.001 -21"><span class='ocrx_word' id='word_1_49' title='bbox 171 1445 317 1503; x_wconf 86' lang='lat' dir='ltr'>Omnibus</span> <span class='ocrx_word' id='word_1_50' title='bbox 329 1466 387 1505; x_wconf 89' lang='lat' dir='ltr'>una</span> <span class='ocrx_word' id='word_1_51' title='bbox 400 1446 482 1522; x_wconf 89' lang='lat' dir='ltr'>quies</span> <span class='ocrx_word' id='word_1_52' title='bbox 498 1464 627 1523; x_wconf 87' lang='lat' dir='ltr'>opernm,</span> <span class='ocrx_word' id='word_1_53' title='bbox 648 1445 731 1505; x_wconf 80' lang='lat' dir='ltr'>labor</span> <span class='ocrx_word' id='word_1_54' title='bbox 743 1446 873 1505; x_wconf 89' lang='lat' dir='ltr'>omnibns</span> <span class='ocrx_word' id='word_1_55' title='bbox 882 1453 943 1501; x_wconf 66' lang='lat' dir='ltr'>unm</span> 
     </span>
     <span class='ocr_line' id='line_1_11' title="bbox 171 1544 945 1626; baseline -0.004 -21"><span class='ocrx_word' id='word_1_56' title='bbox 171 1549 468 1626; x_wconf 79' lang='lat' dir='ltr'>Mancmuntportis3</span> <span class='ocrx_word' id='word_1_57' title='bbox 484 1548 624 1625; x_wconf 80' lang='lat' dir='ltr'>nusquam</span> <span class='ocrx_word' id='word_1_58' title='bbox 633 1568 731 1607; x_wconf 87' lang='lat' dir='ltr'>mora:</span> <span class='ocrx_word' id='word_1_59' title='bbox 748 1548 850 1619; x_wconf 90' lang='lat' dir='ltr'>rursus,</span> <span class='ocrx_word' id='word_1_60' title='bbox 860 1544 945 1605; x_wconf 74' lang='lat' dir='ltr'>casnm</span> 
     </span>
     <span class='ocr_line' id='line_1_12' title="bbox 172 1651 865 1730; baseline 0.003 -21"><span class='ocrx_word' id='word_1_61' title='bbox 172 1653 281 1730; x_wconf 81' lang='lat' dir='ltr'><strong>Vesper</strong></span> <span class='ocrx_word' id='word_1_62' title='bbox 293 1652 344 1710; x_wconf 94' lang='lat' dir='ltr'>ubi</span> <span class='ocrx_word' id='word_1_63' title='bbox 356 1672 374 1711; x_wconf 91' lang='lat' dir='ltr'>e</span> <span class='ocrx_word' id='word_1_64' title='bbox 387 1653 466 1729; x_wconf 82' lang='lat' dir='ltr'>pastu</span> <span class='ocrx_word' id='word_1_65' title='bbox 479 1652 596 1711; x_wconf 67' lang='lat' dir='ltr'>tardem</span> <span class='ocrx_word' id='word_1_66' title='bbox 609 1652 747 1711; x_wconf 79' lang='lat' dir='ltr'>decedere</span> <span class='ocrx_word' id='word_1_67' title='bbox 760 1651 865 1729; x_wconf 81' lang='lat' dir='ltr'>campis</span> 
     </span>
     <span class='ocr_line' id='line_1_13' title="bbox 172 1752 944 1833; baseline 0.001 -20"><span class='ocrx_word' id='word_1_68' title='bbox 172 1756 346 1826; x_wconf 79' lang='lat' dir='ltr'>Admonuit,</span> <span class='ocrx_word' id='word_1_69' title='bbox 359 1765 422 1814; x_wconf 86' lang='lat' dir='ltr'>tum</span> <span class='ocrx_word' id='word_1_70' title='bbox 432 1756 508 1813; x_wconf 70' lang='lat' dir='ltr'>tenta</span> <span class='ocrx_word' id='word_1_71' title='bbox 523 1763 636 1832; x_wconf 77' lang='lat' dir='ltr'>petunt,</span> <span class='ocrx_word' id='word_1_72' title='bbox 651 1766 715 1813; x_wconf 84' lang='lat' dir='ltr'>tum</span> <span class='ocrx_word' id='word_1_73' title='bbox 729 1774 846 1833; x_wconf 82' lang='lat' dir='ltr'>corpora</span> <span class='ocrx_word' id='word_1_74' title='bbox 857 1752 944 1814; x_wconf 77' lang='lat' dir='ltr'>cumb</span> 
     </span>
     <span class='ocr_line' id='line_1_14' title="bbox 172 1855 944 1934; baseline 0.003 -17"><span class='ocrx_word' id='word_1_75' title='bbox 172 1859 219 1917; x_wconf 82' lang='lat' dir='ltr'>Fit</span> <span class='ocrx_word' id='word_1_76' title='bbox 233 1859 349 1927; x_wconf 87' lang='lat' dir='ltr'>sonitus,</span> <span class='ocrx_word' id='word_1_77' title='bbox 369 1858 551 1934; x_wconf 73' lang='lat' dir='ltr'>mirssantque</span> <span class='ocrx_word' id='word_1_78' title='bbox 562 1876 626 1917; x_wconf 88' lang='lat' dir='ltr'>oras</span> <span class='ocrx_word' id='word_1_79' title='bbox 638 1867 670 1915; x_wconf 88' lang='lat' dir='ltr'>et</span> <span class='ocrx_word' id='word_1_80' title='bbox 681 1855 784 1917; x_wconf 89' lang='lat' dir='ltr'>limina</span> <span class='ocrx_word' id='word_1_81' title='bbox 797 1858 906 1919; x_wconf 82' lang='lat' dir='ltr'>circum·</span> <span class='ocrx_word' id='word_1_82' title='bbox 942 1896 944 1901; x_wconf 93' lang='lat'>·</span> 
     </span>
     <span class='ocr_line' id='line_1_15' title="bbox 173 1960 884 2039; baseline 0 -20"><span class='ocrx_word' id='word_1_83' title='bbox 173 1962 245 2034; x_wconf 87' lang='lat' dir='ltr'>Post,</span> <span class='ocrx_word' id='word_1_84' title='bbox 265 1962 316 2019; x_wconf 90' lang='lat' dir='ltr'>ubi</span> <span class='ocrx_word' id='word_1_85' title='bbox 325 1960 386 2039; x_wconf 85' lang='lat' dir='ltr'>jam</span> <span class='ocrx_word' id='word_1_86' title='bbox 400 1960 533 2019; x_wconf 74' lang='lat' dir='ltr'>thalamis</span> <span class='ocrx_word' id='word_1_87' title='bbox 544 1960 575 2019; x_wconf 94' lang='lat' dir='ltr'>se</span> <span class='ocrx_word' id='word_1_88' title='bbox 587 1961 771 2038; x_wconf 85' lang='lat' dir='ltr'>conposuere,</span> <span class='ocrx_word' id='word_1_89' title='bbox 793 1963 884 2021; x_wconf 85' lang='lat' dir='ltr'>siletur</span> 
     </span>
     <span class='ocr_line' id='line_1_16' title="bbox 173 2064 907 2143; baseline -0.001 -20"><span class='ocrx_word' id='word_1_90' title='bbox 173 2065 208 2123; x_wconf 91' lang='lat' dir='ltr'>In</span> <span class='ocrx_word' id='word_1_91' title='bbox 223 2067 345 2136; x_wconf 71' lang='lat' dir='ltr'>nostem,</span> <span class='ocrx_word' id='word_1_92' title='bbox 366 2065 506 2141; x_wconf 84' lang='lat' dir='ltr'>fessosque</span> <span class='ocrx_word' id='word_1_93' title='bbox 515 2064 598 2142; x_wconf 79' lang='lat' dir='ltr'>sopor</span> <span class='ocrx_word' id='word_1_94' title='bbox 611 2064 679 2128; x_wconf 84' lang='lat' dir='ltr'>suus&#39;</span> <span class='ocrx_word' id='word_1_95' title='bbox 691 2076 819 2143; x_wconf 88' lang='lat' dir='ltr'>occupat</span> <span class='ocrx_word' id='word_1_96' title='bbox 831 2073 907 2125; x_wconf 84' lang='lat' dir='ltr'>artu.</span> 
     </span>
     <span class='ocr_line' id='line_1_17' title="bbox 212 2159 947 2245; baseline 0.004 -20"><span class='ocrx_word' id='word_1_97' title='bbox 212 2169 277 2225; x_wconf 91' lang='lat' dir='ltr'>Nec</span> <span class='ocrx_word' id='word_1_98' title='bbox 290 2187 358 2226; x_wconf 88' lang='lat' dir='ltr'>vero</span> <span class='ocrx_word' id='word_1_99' title='bbox 371 2189 388 2227; x_wconf 89' lang='lat' dir='ltr'>a</span> <span class='ocrx_word' id='word_1_100' title='bbox 401 2168 524 2238; x_wconf 83' lang='lat' dir='ltr'>stabulis,</span> <span class='ocrx_word' id='word_1_101' title='bbox 535 2167 634 2244; x_wconf 74' lang='lat' dir='ltr'>pluvii</span> <span class='ocrx_word' id='word_1_102' title='bbox 644 2167 833 2245; x_wconf 84' lang='lat' dir='ltr'>inpendente,</span> <span class='ocrx_word' id='word_1_103' title='bbox 841 2159 947 2227; x_wconf 70' lang='lat' dir='ltr'>recedussl</span> 
     </span>
     <span class='ocr_line' id='line_1_18' title="bbox 172 2268 927 2348; baseline -0.004 -18"><span class='ocrx_word' id='word_1_104' title='bbox 172 2270 311 2348; x_wconf 81' lang='lat' dir='ltr'>Longius,</span> <span class='ocrx_word' id='word_1_105' title='bbox 325 2282 375 2330; x_wconf 86' lang='lat' dir='ltr'>aut</span> <span class='ocrx_word' id='word_1_106' title='bbox 387 2272 510 2330; x_wconf 81' lang='lat' dir='ltr'>eredunt</span> <span class='ocrx_word' id='word_1_107' title='bbox 521 2271 596 2330; x_wconf 82' lang='lat' dir='ltr'>coelo</span> <span class='ocrx_word' id='word_1_108' title='bbox 609 2272 835 2330; x_wconf 79' lang='lat' dir='ltr'>adventantibus</span> <span class='ocrx_word' id='word_1_109' title='bbox 848 2268 927 2334; x_wconf 71' lang='lat' dir='ltr'>Eurist</span> 
     </span>
     <span class='ocr_line' id='line_1_19' title="bbox 173 2372 904 2451; baseline -0.004 -19"><span class='ocrx_word' id='word_1_110' title='bbox 173 2376 228 2433; x_wconf 91' lang='lat' dir='ltr'>Sed</span> <span class='ocrx_word' id='word_1_111' title='bbox 241 2375 351 2432; x_wconf 90' lang='lat' dir='ltr'>circum</span> <span class='ocrx_word' id='word_1_112' title='bbox 364 2382 435 2431; x_wconf 84' lang='lat' dir='ltr'>tutae</span> <span class='ocrx_word' id='word_1_113' title='bbox 447 2372 500 2432; x_wconf 93' lang='lat' dir='ltr'>sub</span> <span class='ocrx_word' id='word_1_114' title='bbox 512 2373 656 2432; x_wconf 83' lang='lat' dir='ltr'>moenibus</span> <span class='ocrx_word' id='word_1_115' title='bbox 670 2372 748 2431; x_wconf 89' lang='lat' dir='ltr'>urbis</span> <span class='ocrx_word' id='word_1_116' title='bbox 761 2384 904 2451; x_wconf 81' lang='lat' dir='ltr'>aquantur,</span> 
     </span>
     <span class='ocr_line' id='line_1_20' title="bbox 174 2474 883 2554; baseline -0.003 -18"><span class='ocrx_word' id='word_1_117' title='bbox 174 2479 373 2554; x_wconf 86' lang='lat' dir='ltr'>Excursusque</span> <span class='ocrx_word' id='word_1_118' title='bbox 386 2477 480 2536; x_wconf 86' lang='lat' dir='ltr'>brevis</span> <span class='ocrx_word' id='word_1_119' title='bbox 493 2486 616 2544; x_wconf 84' lang='lat' dir='ltr'>tentant,</span> <span class='ocrx_word' id='word_1_120' title='bbox 635 2486 665 2534; x_wconf 91' lang='lat' dir='ltr'>et</span> <span class='ocrx_word' id='word_1_121' title='bbox 678 2474 752 2554; x_wconf 80' lang='lat' dir='ltr'>saepe</span> <span class='ocrx_word' id='word_1_122' title='bbox 765 2477 883 2554; x_wconf 82' lang='lat' dir='ltr'>lapillos,</span> 
     </span>
     <span class='ocr_line' id='line_1_21' title="bbox 173 2577 901 2657; baseline 0.004 -20"><span class='ocrx_word' id='word_1_123' title='bbox 173 2582 217 2638; x_wconf 91' lang='lat' dir='ltr'>Ut</span> <span class='ocrx_word' id='word_1_124' title='bbox 231 2584 342 2657; x_wconf 88' lang='lat' dir='ltr'>cymbae</span> <span class='ocrx_word' id='word_1_125' title='bbox 352 2579 496 2638; x_wconf 88' lang='lat' dir='ltr'>instabiles</span> <span class='ocrx_word' id='word_1_126' title='bbox 509 2580 602 2638; x_wconf 68' lang='lat' dir='ltr'>flustn</span> <span class='ocrx_word' id='word_1_127' title='bbox 611 2577 740 2657; x_wconf 70' lang='lat' dir='ltr'>jaslante</span> <span class='ocrx_word' id='word_1_128' title='bbox 754 2579 901 2645; x_wconf 77' lang='lat' dir='ltr'>saburram,</span> 
     </span>
     <span class='ocr_line' id='line_1_22' title="bbox 173 2681 865 2760; baseline -0.001 -17"><span class='ocrx_word' id='word_1_129' title='bbox 173 2683 310 2754; x_wconf 80' lang='lat' dir='ltr'>Tollunt3</span> <span class='ocrx_word' id='word_1_130' title='bbox 331 2684 376 2742; x_wconf 92' lang='lat' dir='ltr'>his</span> <span class='ocrx_word' id='word_1_131' title='bbox 389 2683 447 2742; x_wconf 90' lang='lat' dir='ltr'>sese</span> <span class='ocrx_word' id='word_1_132' title='bbox 459 2701 512 2760; x_wconf 91' lang='lat' dir='ltr'>per</span> <span class='ocrx_word' id='word_1_133' title='bbox 523 2681 621 2740; x_wconf 87' lang='lat' dir='ltr'>inania</span> <span class='ocrx_word' id='word_1_134' title='bbox 635 2681 735 2741; x_wconf 87' lang='lat' dir='ltr'>nubila</span> <span class='ocrx_word' id='word_1_135' title='bbox 748 2681 865 2742; x_wconf 90' lang='lat' dir='ltr'>librant.</span> 
     </span>
     <span class='ocr_line' id='line_1_23' title="bbox 214 2785 923 2865; baseline 0.003 -19"><span class='ocrx_word' id='word_1_136' title='bbox 214 2790 302 2846; x_wconf 89' lang='lat' dir='ltr'>Illum</span> <span class='ocrx_word' id='word_1_137' title='bbox 314 2790 385 2846; x_wconf 87' lang='lat' dir='ltr'>adeo</span> <span class='ocrx_word' id='word_1_138' title='bbox 400 2786 536 2865; x_wconf 81' lang='lat' dir='ltr'>placuisse</span> <span class='ocrx_word' id='word_1_139' title='bbox 549 2786 650 2863; x_wconf 85' lang='lat' dir='ltr'>apibus</span> <span class='ocrx_word' id='word_1_140' title='bbox 664 2785 806 2846; x_wconf 87' lang='lat' dir='ltr'>mirabere</span> <span class='ocrx_word' id='word_1_141' title='bbox 819 2801 923 2848; x_wconf 66' lang='lat' dir='ltr'>morem,</span> 
     </span>
     <span class='ocr_line' id='line_1_24' title="bbox 175 2887 949 2968; baseline -0.006 -18"><span class='ocrx_word' id='word_1_142' title='bbox 175 2893 262 2950; x_wconf 79' lang='lat' dir='ltr'>Quod</span> <span class='ocrx_word' id='word_1_143' title='bbox 276 2911 329 2950; x_wconf 92' lang='lat' dir='ltr'>nec</span> <span class='ocrx_word' id='word_1_144' title='bbox 341 2890 500 2949; x_wconf 90' lang='lat' dir='ltr'>concubitu</span> <span class='ocrx_word' id='word_1_145' title='bbox 509 2888 672 2965; x_wconf 87' lang='lat' dir='ltr'>indulgent,</span> <span class='ocrx_word' id='word_1_146' title='bbox 686 2907 739 2946; x_wconf 87' lang='lat' dir='ltr'>nec</span> <span class='ocrx_word' id='word_1_147' title='bbox 750 2908 867 2968; x_wconf 89' lang='lat' dir='ltr'>corpora</span> <span class='ocrx_word' id='word_1_148' title='bbox 877 2887 949 2962; x_wconf 64' lang='lat' dir='ltr'>segn⁵</span> 
     </span>
     <span class='ocr_line' id='line_1_25' title="bbox 174 2992 903 3063; baseline -0.004 -12"><span class='ocrx_word' id='word_1_149' title='bbox 174 2996 209 3051; x_wconf 90' lang='lat' dir='ltr'>In</span> <span class='ocrx_word' id='word_1_150' title='bbox 223 2996 366 3052; x_wconf 89' lang='lat' dir='ltr'>Venerem</span> <span class='ocrx_word' id='word_1_151' title='bbox 380 2992 504 3063; x_wconf 86' lang='lat' dir='ltr'>solvunt,</span> <span class='ocrx_word' id='word_1_152' title='bbox 524 3001 574 3050; x_wconf 91' lang='lat' dir='ltr'>aut</span> <span class='ocrx_word' id='word_1_153' title='bbox 587 2993 663 3050; x_wconf 89' lang='lat' dir='ltr'>setus</span> <span class='ocrx_word' id='word_1_154' title='bbox 676 2992 793 3050; x_wconf 85' lang='lat' dir='ltr'>nixibus</span> <span class='ocrx_word' id='word_1_155' title='bbox 807 2996 903 3062; x_wconf 70' lang='lat' dir='ltr'>edunt,</span> 
     </span>
     <span class='ocr_line' id='line_1_26' title="bbox 174 3094 878 3173; baseline 0.003 -21"><span class='ocrx_word' id='word_1_156' title='bbox 174 3098 285 3154; x_wconf 89' lang='lat' dir='ltr'>Verum</span> <span class='ocrx_word' id='word_1_157' title='bbox 297 3096 393 3173; x_wconf 85' lang='lat' dir='ltr'>ipsaee</span> <span class='ocrx_word' id='word_1_158' title='bbox 406 3096 483 3154; x_wconf 91' lang='lat' dir='ltr'>soliis</span> <span class='ocrx_word' id='word_1_159' title='bbox 497 3104 577 3154; x_wconf 90' lang='lat' dir='ltr'>natos</span> <span class='ocrx_word' id='word_1_160' title='bbox 591 3103 621 3152; x_wconf 88' lang='lat' dir='ltr'>et</span> <span class='ocrx_word' id='word_1_161' title='bbox 633 3094 772 3154; x_wconf 87' lang='lat' dir='ltr'>suavibus</span> <span class='ocrx_word' id='word_1_162' title='bbox 784 3095 878 3154; x_wconf 77' lang='lat' dir='ltr'>herbis</span> 
     </span>
     <span class='ocr_line' id='line_1_27' title="bbox 173 3200 880 3277; baseline 0.006 -21"><span class='ocrx_word' id='word_1_163' title='bbox 173 3200 233 3257; x_wconf 86' lang='lat' dir='ltr'>Ore</span> <span class='ocrx_word' id='word_1_164' title='bbox 246 3200 362 3275; x_wconf 75' lang='lat' dir='ltr'>legunt5</span> <span class='ocrx_word' id='word_1_165' title='bbox 384 3200 452 3277; x_wconf 83' lang='lat' dir='ltr'>ipsae</span> <span class='ocrx_word' id='word_1_166' title='bbox 466 3219 564 3276; x_wconf 88' lang='lat' dir='ltr'>regem</span> <span class='ocrx_word' id='word_1_167' title='bbox 577 3217 736 3275; x_wconf 90' lang='lat' dir='ltr'>parvosque</span> <span class='ocrx_word' id='word_1_168' title='bbox 752 3201 880 3260; x_wconf 78' lang='lat' dir='ltr'>Quirites</span> 
     </span>
     <span class='ocr_line' id='line_1_28' title="bbox 172 3301 916 3381; baseline 0 -23"><span class='ocrx_word' id='word_1_169' title='bbox 172 3301 342 3360; x_wconf 86' lang='lat' dir='ltr'>Sufficiunt:</span> <span class='ocrx_word' id='word_1_170' title='bbox 366 3303 510 3379; x_wconf 89' lang='lat' dir='ltr'>aulasque,</span> <span class='ocrx_word' id='word_1_171' title='bbox 523 3312 552 3360; x_wconf 90' lang='lat' dir='ltr'>et</span> <span class='ocrx_word' id='word_1_172' title='bbox 566 3319 645 3359; x_wconf 85' lang='lat' dir='ltr'>cerea</span> <span class='ocrx_word' id='word_1_173' title='bbox 659 3319 759 3378; x_wconf 86' lang='lat' dir='ltr'>regna,</span> <span class='ocrx_word' id='word_1_174' title='bbox 773 3304 916 3381; x_wconf 79' lang='lat' dir='ltr'>refingune</span> 
     </span>
     <span class='ocr_line' id='line_1_29' title="bbox 171 3405 886 3484; baseline 0.003 -18"><span class='ocrx_word' id='word_1_175' title='bbox 171 3406 250 3481; x_wconf 74' lang='lat' dir='ltr'>Saepe</span> <span class='ocrx_word' id='word_1_176' title='bbox 263 3406 352 3466; x_wconf 86' lang='lat' dir='ltr'>etiam</span> <span class='ocrx_word' id='word_1_177' title='bbox 365 3408 443 3465; x_wconf 90' lang='lat' dir='ltr'>duris</span> <span class='ocrx_word' id='word_1_178' title='bbox 456 3408 576 3465; x_wconf 86' lang='lat' dir='ltr'>errando</span> <span class='ocrx_word' id='word_1_179' title='bbox 590 3405 621 3464; x_wconf 92' lang='lat' dir='ltr'>in</span> <span class='ocrx_word' id='word_1_180' title='bbox 634 3405 748 3484; x_wconf 85' lang='lat' dir='ltr'>cotibus¹</span> <span class='ocrx_word' id='word_1_181' title='bbox 762 3408 821 3468; x_wconf 87' lang='lat' dir='ltr'>alas</span> <span class='ocrx_word' id='word_1_182' title='bbox 878 3441 886 3460; x_wconf 86' lang='lat'>.-</span> 
     </span>
    </p>
   </div>
   <div class='ocr_carea' id='block_1_3' title="bbox 0 0 1136 4050">
    <p class='ocr_par' dir='ltr' id='par_1_3' title="bbox 0 0 1136 4050">
     <span class='ocr_line' id='line_1_30' title="bbox 0 0 1136 4050; baseline 0 0"><span class='ocrx_word' id='word_1_183' title='bbox 0 0 1136 4050; x_wconf 95' lang='lat' dir='ltr'> </span> 
     </span>
    </p>
   </div>
  </div>
 </body>
</html>
