2250 4050
167 455 231 517 2³⁶
425 456 707 524 IENEIDOS,
866 455 945 518 uiis

173 610 415 688 Degeneremque
427 612 665 690 Neoptolemum,
685 627 802 670 narrare
820 611 944 672 menenio

174 713 264 770 Nunc
286 732 405 772 morere.
438 715 511 774 Hoc
533 714 642 784 dicens,
662 712 765 773 altaria
776 712 823 771 ,ad
841 708 894 786 ipsa
910 715 946 763 tre·

252 828 382 874 mentem

174 916 287 987 Traxit,
307 926 338 977 et
350 918 382 975 in
393 918 489 977 multo
499 917 659 976 labsantem
673 915 816 996 sanguine
829 912 900 982 narn

175 1017 371 1095 Inplicuitque
383 1039 498 1078 cornarn
511 1021 592 1090 laevi,
612 1019 775 1094 dextraque
787 1015 924 1075 coruscum

175 1120 298 1189 Extulit,
318 1141 352 1181 ac
364 1122 448 1180 lateri
461 1122 564 1199 capulo
578 1131 662 1179 tenus
672 1120 797 1188 abdidit,
817 1119 913 1178 ensem.

176 1223 250 1281 Haec
261 1223 328 1283 finis
342 1223 447 1282 Priami
459 1225 601 1283 fatorum:
623 1223 673 1281 hic
686 1221 784 1283 exitus
798 1221 880 1281 illum

167 1325 257 1388 ,Sorte
271 1325 348 1396 tulit,
354 1325 473 1402 ‚Trojam
482 1324 637 1394 incensam,
650 1336 680 1383 et
691 1324 824 1401 prolabsa
834 1323 946 1381 videnter

175 1427 328 1503 Pergama;
357 1437 401 1485 tot
420 1429 567 1503 quondam
591 1427 704 1505 populis
725 1427 864 1502 terrisque
880 1423 946 1499 supet·

254 1530 342 1600 bum3

178 1633 371 1708 Regnatorem
384 1633 472 1691 Afiaei
495 1633 579 1708 Jacet
590 1630 693 1709 ingena
704 1631 790 1690 litore
803 1640 920 1697 truncus,

113 1780 116 1784 .
165 1724 375 1810 'morsumque
385 1734 512 1794 humeris
522 1745 618 1811 eaput,
629 1744 660 1792 et
671 1734 730 1793 fine
741 1733 945 1805 nomineconu

217 1839 260 1894 At
271 1856 318 1893 nre
332 1846 395 1894 tum
407 1836 534 1913 primum
547 1836 638 1894 saevus
649 1835 840 1896 circumstetit
850 1835 941 1895 bunost

177 1939 337 2016 Obstupui:
360 1938 448 1998 subiit
458 1939 519 1997 cari
532 1937 671 2015 genitoris
684 1937 793 2014 imago,

178 2043 221 2105 Ut
234 2059 333 2119 regern
345 2060 504 2118 aequaevum
515 2040 627 2101 crudeli
639 2041 757 2100 volnere
769 2040 831 2099 vidi

177 2144 278 2203 Vitam
290 2144 487 2206 exhalantem:
510 2142 599 2202 subiit
612 2143 723 2201 deserta
735 2142 853 2211 Creusa,

177 2247 217 2305 Et
232 2246 342 2323 direpta
355 2247 465 2315 domus,
486 2254 515 2303 et
528 2245 608 2322 parvi
621 2244 701 2305 casus
714 2245 782 2305 luri.

178 2348 318 2425 Respici0‚
337 2360 377 2417 et,
398 2367 462 2424 quae
475 2347 509 2406 sit
522 2366 570 2405 me
582 2346 691 2406 circum
704 2348 796 2426 eopia,
815 2347 904 2407 lustro.

176 2450 334 2508 Deseruere
346 2468 446 2507 omnes
458 2448 566 2516 defeffi,
585 2458 616 2507 et
628 2458 746 2525 corpora
759 2449 835 2510 saltu

177 2553 227 2611 Ad
241 2551 345 2611 terram
358 2550 470 2620 misere,
489 2560 540 2609 aut
552 2549 669 2627 ignibus
682 2570 758 2628 aegra
769 2553 879 2612 dedere.

216 2655 341 2730 Jamque
362 2654 432 2716 adeo
451 2652 536 2730 snper
554 2672 630 2712 uuus
649 2671 739 2723 eram,
765 2674 856 2730 quum
873 2648 946 2710 linia

294 2756 388 2814 Vestae

172 2858 353 2927 §errantem
373 2866 402 2915 et
415 2858 533 2916 tacitam
546 2856 655 2916 secreta
666 2857 699 2916 in
711 2856 927 2925 sodo-latentem,

175 2959 343 3035 Tyndarida
354 2958 493 3036 adspicio:
515 2959 587 3016 dant
599 2959 675 3017 clara
688 2960 824 3020 incendia
837 2962 935 3024 luoem'

177 3061 301 3130 Euauti,
321 3061 478 3137 paffimque
490 3060 588 3118 oculos
600 3061 768 3136 perennata
781 3062 893 3124 serenti.

178 3162 242 3232 Illa,
262 3162 315 3222 fibi
326 3162 443 3223 infestos
456 3160 551 3228 eversa
564 3164 603 3220 ob
616 3164 765 3240 Pergama,
784 3166 914 3235 Teucros,

178 3265 216 3337 Er
226 3280 325 3342 'poenas
337 3265 481 3335 Danaum,
501 3273 531 3322 et
543 3263 647 3323 deserti
659 3265 791 3343 conjugia
802 3268 867 3338 iras,
896 3308 900 3316 -

178 3369 378 3442 Praemetuens,
391 3364 484 3443 Trojae
496 3374 527 3425 et
538 3366 639 3444 patriae
651 3369 814 3436 communis
827 3371 942 3447 Erinnys
