2250 4050
172 465 213 529 sn
405 466 743 551 anonumum
869 473 962 538 vaae.

173 624 243 683 Nun
256 622 385 700 tepidum
397 625 436 682 nd
449 623 537 682 solem
551 642 660 701 pennas
672 623 705 682 in
717 623 805 682 litore
817 624 946 702 pandunt,
960 624 964 631 ’

172 726 295 787 Dilecta
307 725 436 795 Thetidi,
457 727 603 802 alcyonem
625 745 684 787 non
697 745 748 785 ore
760 726 866 785 solutos

173 829 311 889 inmundi
323 828 480 887 meminere
493 829 556 887 sues
565 827 671 905 jactare
682 828 837 906 maniplos.

171 935 215 992 At
232 932 345 991 nebulae
364 932 457 1008 magis
474 931 532 989 ima
552 941 663 1009 petunt,
683 950 845 1009 campoque
862 948 955 990 recum·

250 1039 324 1095 bunt
328 1061 338 1107 3
363 1044 365 1049 '
666 1041 668 1045 ’

175 1141 246 1200 Solis
256 1150 285 1198 et
297 1139 428 1198 occasum
440 1139 603 1198 servans-de
615 1139 743 1199 culmine
756 1140 870 1199 summo

174 1243 381 1320 Nequidquam
394 1241 468 1300 seros
480 1253 594 1301 exercet
607 1244 710 1301 noctua
723 1253 836 1303 cantus.

173 1348 302 1423 Adparet
315 1345 425 1422 liquido
438 1344 568 1404 sublimis
581 1346 612 1403 in
625 1347 690 1404 adse
702 1345 802 1415 Nisus,

173 1451 209 1507 Et
223 1467 275 1526 pro
287 1467 429 1526 purpureo
440 1466 539 1526 poenas
552 1449 602 1506 dat
615 1448 709 1525 Scylla
722 1447 843 1524 capilio:

173 1552 366 1627 Quacumque
376 1551 426 1609 illa
433 1551 527 1609 levem
537 1551 652 1628 fugiens
665 1545 955 1629 secataetherapennis,

172 1655 260 1713 Ecce!
284 1653 428 1722 inimicus,
448 1663 539 1724 atrox,
559 1673 666 1730 magno
679 1653 796 1712 stridore
811 1673 863 1731 per
874 1667 942 1710 auras

173 1757 337 1833 Insequitur
347 1757 451 1815 Nisus:
474 1757 531 1831 qui
545 1756 574 1813 se
586 1755 644 1814 fert
655 1755 743 1814 Nisus
757 1757 793 1814 ad
805 1775 894 1826 auras,

172 1860 226 1918 Ilia
238 1860 332 1918 levem
345 1858 459 1936 fugiens
473 1859 579 1935 raptim
591 1859 666 1917 secat
678 1858 785 1917 aethera
798 1858 907 1936 pennis.

170 1964 250 2021 Tum
261 1961 385 2040 liquidas
396 1961 474 2020 corvi
487 1961 578 2038 presso
591 1971 636 2021 ter
648 1970 766 2038 gutture
778 1980 862 2020 voces

171 2069 235 2124 Aut
249 2074 349 2141 quater
361 2064 558 2142 ingeminant;
581 2074 612 2123 et
623 2064 697 2141 saepe
709 2064 853 2133 cubilibus
864 2062 930 2129 altis,

171 2167 279 2226 Nescio
292 2167 349 2242 qud
361 2178 464 2243 praeter
477 2166 594 2225 solitum
608 2165 761 2225 dulcedine
773 2168 846 2237 laeti,

171 2272 252 2336 Inter
264 2269 293 2328 se
305 2270 337 2327 in
350 2268 427 2327 soliis
440 2269 590 2346 strepitant
597 2294 607 2341 ς
623 2268 707 2347 juvat
718 2268 860 2329 imbribus
871 2266 932 2327 adit

171 2373 340 2451 Progeniem
353 2392 473 2450 parvam
486 2373 636 2449 dulcisque
648 2372 769 2431 revisere
781 2374 873 2433 nidos.

170 2478 268 2544 Haud,
287 2475 421 2552 equidem
434 2476 528 2544 credo,
549 2476 618 2551 quia
631 2475 664 2533 sit
678 2476 819 2535 divinitus
831 2476 889 2535 illis

171 2578 336 2656 Ingenium,
356 2587 516 2637 autrerum
528 2577 589 2635 sato
601 2578 753 2655 pmdentia
766 2578 870 2658 major:

170 2683 291 2749 Verum,
310 2679 362 2738 ubi
376 2679 524 2757 tempestas
535 2690 566 2737 et
578 2679 644 2738 coeli
657 2681 773 2739 mobilis
787 2682 890 2741 humor

170 2786 322 2843 Mutavere
335 2782 403 2852 vias,
423 2792 453 2841 et
462 2781 605 2860 Juppiter,
624 2782 728 2841 uvidus
740 2786 850 2854 austris,

170 2886 289 2954 Denset,
309 2894 390 2944 erant
404 2904 468 2960 quae
481 2903 543 2943 rara
559 2886 654 2955 modo,
673 2895 713 2956 et,
733 2905 799 2963 quae
811 2887 904 2955 densa,
921 2899 954 2942 re·

249 2990 327 3047 laxat
330 3013 340 3060 3

170 3096 332 3152 Vertuntur
344 3090 452 3167 speeies
465 3092 638 3160 animorum,
657 3100 687 3149 et
699 3093 813 3169 pectora
828 3103 919 3166 motus

170 3196 261 3255 Nunc
274 3193 353 3261 alios,
373 3192 452 3262 alios,
473 3194 544 3251 dum
557 3193 662 3252 nubila·
669 3205 774 3253 ventus
786 3200 898 3273 agebat,

171 3295 365 3373 Concipiunt:
387 3294 457 3352 hinc
469 3293 519 3352 iiie
532 3294 632 3353 avium
644 3308 800 3358 concentus
812 3300 845 3357 in
857 3297 932 3378 egris,

168 3399 206 3459 Et
218 3400 295 3459 laetae
307 3398 440 3477 pecudes,
461 3406 492 3456 et
504 3405 622 3458 ovantes
635 3407 754 3477 gutture
766 3401 854 3463 corvi.
