2250 4050
183 454 224 506 42
418 454 751 522 GEORGICON,
902 473 918 512 r

184 604 271 663 Fudit
283 625 399 682 equum,
413 629 520 690 magno
533 611 618 670 tellus
629 611 757 690 perculsa
771 610 899 679 tridenti,

183 707 334 785 Neptune!
357 720 395 781 et,
409 714 502 772 cultor
514 733 674 785 nemorum,
692 715 740 772 cui
753 713 876 791 pinguia
888 714 920 771 Q

183 811 243 869 Ter
256 822 373 872 centum
386 815 464 874 nivei
477 819 598 875 tondent
611 819 726 875 dumeta
735 815 868 894 juvenci:

181 913 253 992 Ipse,
267 934 368 974 nemus
380 917 514 995 linquens
525 920 650 997 patrium
662 920 806 996 saltusque
819 919 920 996 Lycei,

181 1018 249 1089 Pan,
264 1019 363 1077 ovium
376 1021 474 1092 custos,
490 1030 539 1081 tua
552 1022 642 1080 fitibi
655 1022 782 1080 Maenala
795 1041 882 1090 curae,

180 1120 274 1188 Aeris,
292 1143 310 1180 o
321 1123 458 1199 Tegeaeel
478 1124 577 1182 favens
583 1149 591 1195 3
613 1125 740 1200 oleaeque
753 1123 890 1182 Minerva

180 1223 345 1296 Inventrix3
367 1226 493 1302 uncique
504 1245 576 1304 puer
587 1227 757 1285 monstrator
769 1226 858 1284 aratri
863 1251 872 1297 3

180 1322 219 1384 Et
233 1334 360 1384 teneram
372 1331 409 1385 ab
422 1329 517 1386 radice
530 1328 632 1397 ferens,
646 1329 770 1397 Silvane,
783 1329 920 1407 cuprelsur

178 1427 277 1504 Dique
290 1416 407 1506 deaeque
419 1449 528 1500 omnes,
542 1431 667 1489 studium
680 1431 784 1508 quibus
798 1451 863 1490 arva
878 1440 920 1489 tue

123 1598 125 1604 Ι
180 1530 298 1607 Quique
311 1551 400 1590 novas
413 1532 489 1591 alitis
502 1552 560 1591 non
573 1534 634 1591 ullo
647 1533 754 1591 semine
767 1534 880 1611 fruges3

179 1633 298 1709 Quique
312 1634 377 1693 satis
390 1635 502 1712 largum
515 1637 589 1694 coelo
602 1636 754 1694 demittitis
766 1637 900 1695 imbrem.

176 1737 281 1812 Tuque
295 1739 374 1809 adeo,
389 1758 474 1815 quem
484 1759 553 1797 mox
566 1759 631 1816 quae
644 1739 699 1797 fint
711 1739 846 1798 habitura
859 1740 920 1797 deor

177 1840 318 1910 Concilia,
331 1841 473 1899 incertum
487 1841 541 1899 est:
564 1841 680 1900 urbisne
693 1840 825 1911 invisere,
838 1841 920 1900 Caesa

175 1942 387 2019 Terrarumque
399 1943 470 2002 velis
484 1962 592 2011 curam,
605 1953 636 2001 et
649 1954 680 2008 te.
691 1962 844 2003 maxumus
856 1944 919 2001 orbi

175 2046 341 2117 Auctorem,
355 2047 474 2123 frugum
487 2047 743 2123 tempestatumque
755 2056 914 2125 potentem,

175 2147 321 2224 Adcipiat,
335 2147 453 2225 cingens
466 2149 596 2210 materni
609 2158 737 2226 tempora
749 2158 847 2227 myrto
851 2175 861 2223 3

174 2252 223 2307 An
238 2251 451 2310 densimmenfi
464 2252 562 2311 venias
575 2251 671 2321 maris,
688 2272 722 2310 ac
736 2261 785 2310 tua
798 2263 895 2311 nautae

174 2352 306 2413 Numina
318 2353 493 2423 solacolant,
507 2355 561 2413 tibi
576 2354 678 2413 serviat
690 2354 794 2413 ultima
804 2355 911 2423 Thule,

173 2456 274 2533 Teque
288 2457 340 2516 fibi
353 2469 492 2536 generum
504 2457 615 2533 Tethys
627 2467 703 2515 emat
717 2456 853 2515 omuibus
865 2456 920 2515 und

147 2553 150 2560 ’
173 2559 262 2617 Au'ne
274 2580 381 2620 novum
394 2560 481 2619 tardis
495 2560 569 2618 fidus
583 2570 611 2618 te
624 2559 766 2617 menfibus
779 2560 874 2629 addas,

173 2662 242 2720 oua
254 2663 333 2721 locus
345 2663 491 2740 Erigonen
504 2663 582 2720 inter
594 2662 754 2737 Chelasque
767 2662 911 2737 sequentis

172 2764 323 2823 Panditur:
346 2764 406 2843 ipse
418 2765 475 2823 tibi
483 2763 545 2842 jam
558 2763 674 2823 brachia
688 2763 833 2821 contrahit
846 2766 920 2823 arder

171 2867 310 2945 Scorpios,
329 2877 359 2925 et
372 2867 437 2925 coeli
445 2867 519 2944 justi
533 2868 597 2943 plus
609 2876 690 2944 parte
701 2866 836 2941 reliquit:

172 2970 324 3046 Quidquid
337 2970 391 3028 eris
397 2994 406 3041 3
427 2988 495 3027 nam
509 2980 538 3027 te
548 2988 602 3027 nec
615 2968 728 3045 sperent
735 2969 855 3027 Tartara
866 2989 920 3048 reg·

169 3073 235 3133 Nec
249 3074 454 3149 tibi‘regnandi
467 3073 566 3132 veniat
574 3082 639 3129 ¹tem
650 3072 712 3130 dira
722 3072 849 3149 cupid03
915 3128 918 3134 ,

172 3176 327 3253 (Quamvis
340 3176 447 3253 Elysios
460 3175 580 3234 miretur
590 3174 701 3232 Graecia
714 3193 840 3251 campos,

168 3279 234 3337 Nec
246 3278 371 3356 repetita,
379 3277 459 3361 sequi
472 3287 552 3353 curet
559 3276 729 3360 ¹Proserpina
742 3278 879 3353 matrem)

116 3445 119 3451 ,
169 3382 215 3442 Da
225 3382 340 3446 facilem
350 3381 471 3453 cursum,
480 3389 566 3456 atque
578 3378 732 3437 audacibus
744 3380 839 3437 adnue
852 3390 920 3457 coept
