2250 4050
179 456 220 516 60
379 455 602 516 ECLOGA
633 455 688 513 111.
897 463 931 513 ιι

456 630 622 672 nautam.

133 717 187 775 Ab
199 715 270 792 Jove
281 711 467 791 principium,
477 715 570 773 Musae
580 715 586 771 l
606 714 686 793 Jovis
696 712 794 771 omnia
806 711 904 789 plena:

134 817 192 876 Ille
203 815 273 874 colit
285 825 371 874 tenna
377 842 387 888 3
413 816 457 873 illi
470 834 534 874 mea
546 817 673 876 carmina
683 834 766 874 cura·n
875 897 877 901 Ι

449 936 623 976 nannents,

135 1024 175 1080 Et
187 1039 236 1078 me
247 1020 370 1078 Phoebun
381 1029 472 1078 amat:
494 1021 601 1079 I’hoebo
614 1020 663 1078 sua
676 1019 787 1096 semper
798 1018 874 1095 apud
886 1034 936 1076 me

134 1126 261 1183 Munera
271 1122 346 1192 sunt,
365 1123 438 1180 laurl
450 1132 481 1180 et
494 1123 579 1181 suave
588 1125 692 1181 rubens
704 1122 886 1200 hyacinthus,

458 1215 622 1284 namna.

134 1329 219 1387 Malo
232 1345 280 1384 me
292 1327 409 1385 Galatea
422 1327 503 1403 petit,
522 1327 625 1386 lasciva
635 1328 744 1404 puellm

136 1433 176 1489 Et
189 1430 267 1507 fingit
278 1430 315 1487 ad
326 1430 438 1501 salioea3
460 1429 508 1486 sed
520 1429 549 1487 se
562 1430 644 1506 cupit
656 1439 723 1488 ante
732 1429 832 1488 viden.

452 1549 623 1590 nnnaacas.

135 1637 181 1696 At
192 1635 266 1693 mihi
279 1634 336 1698 sese
347 1633 433 1691 offert
445 1633 527 1703 ultm,
547 1653 628 1692 meus
639 1634 724 1711 ignis,
737 1636 893 1712 Amyntan

136 1737 246 1797 Notior
258 1745 292 1794 ut
298 1735 362 1813 jam
374 1736 408 1793 fit
417 1735 535 1793 canibus
548 1754 607 1793 non
618 1736 704 1794 Delia
716 1736 824 1797 nothis.

457 1856 624 1896 naumann.

135 1945 219 2002 Parta
229 1960 302 1998 men
312 1940 421 1998 Veneri
433 1939 499 1997 sunt
510 1958 647 2011 munem
668 1942 792 2016 nam‘que
803 1941 900 2000 notavi

134 2042 203 2123 Ipse
214 2044 319 2112 locum,
332 2042 415 2101 a'e'riae
427 2062 485 2118 quo
497 2042 657 2119 congessere
669 2045 824 2119 palumbes.

443 2163 629 2204 ,nnuman

136 2246 328 2327 Quod-potui,
347 2265 444 2325 puero,
463 2246 578 2307 silvestri
588 2265 625 2305 ex
637 2248 735 2305 arbore
745 2248 828 2317 Ietta,

134 2354 235 2411 Amen
247 2350 322 2409 mala
335 2350 434 2408 decem
445 2348 522 2421 misn
543 2368 605 2407 cras
616 2350 707 2408 altera
719 2350 843 2409 mittam.

459 2470 624 2511 nanoenns.

135 2554 291 2638 pquotiea
303 2562 334 2611 et
346 2572 410 2628 quae
424 2552 506 2612 nobis
518 2552 637 2611 Galatea
650 2553 749 2613 locuta·
758 2556 815 2614 estl
861 2548 865 2555 ’
913 2581 917 2589 ·

137 2661 251 2719 Partem
264 2656 401 2733 aliquam,
412 2655 501 2723 venti,
513 2654 611 2712 divom
623 2656 751 2715 referatis
761 2659 798 2716 ad
810 2659 896 2721 auria.

453 2775 627 2818 nanancas.

138 2862 222 2921 Quid
242 2859 361 2937 prodest,
381 2860 458 2934 quod
478 2878 525 2918 me
545 2859 605 2936 ipse
623 2858 721 2920 animo
741 2871 799 2922 nen
819 2862 936 2940 spernis,

129 3001 132 3008 -
218 2965 358 3039 Amynta,
913 3000 916 3006 ·

137 3067 178 3137 Si,
199 3067 270 3124 dum
283 3074 315 3121 tu
328 3062 439 3121 saltaris
453 3081 543 3139 apros,
563 3082 618 3139 ego
631 3065 703 3122 retia
714 3064 809 3126 servo?

457 3185 624 3226 naumann.
725 3216 728 3219 .
755 3220 757 3222 ,

137 3271 270 3351 Phyllida
284 3269 368 3330 mitte
381 3268 455 3328 mihi
463 3294 472 3340 ;
493 3287 574 3330 noua
587 3269 751 3342 ennatalia,
769 3272 860 3350 Iolla,

115 3355 124 3369 ⁴
140 3378 218 3435 Cum
229 3372 333 3433 faciam
348 3371 436 3433 naula
447 3390 502 3451 pro
516 3372 664 3456 frugibus,
684 3376 750 3461 lpse
759 3380 878 3446 venite.
