2250 4050
146 455 247 509 nm.
453 442 553 505 ιη
591 444 633 505 ΙΙ.
879 450 935 501 221

177 603 232 662 His
240 601 370 662 lacrimis
379 601 471 661 vitam
480 600 589 671 demun
598 610 629 659 et
637 596 842 658 miseresclmn
851 599 935 659 ultro.

146 706 202 783 lpse
212 706 277 766 viru
287 706 399 784 primns
411 705 537 764 manime
547 714 636 780 atque
647 713 707 761 arla
719 702 807 760 leani

146 809 242 868 Vincla
250 808 339 888 jubet
350 809 492 880 animun
513 807 653 883 didliaqne
664 804 706 865 ita
718 806 796 865 fatur
807 805 919 866 etnicis:

146 912 280 990 Quisquis
292 932 333 985 ea,
352 912 466 971 nmiffoa
476 911 545 971 hine
553 908 616 988 jam
628 909 794 969 obliviscere
805 909 920 980 Graiae,

146 1014 244 1075 Noster
254 1017 324 1075 etia:
346 1016 477 1092 mihique
490 1015 553 1073 liaee
564 1013 681 1072 edillere
692 1030 758 1071 vera
771 1012 895 1089 roganti.

148 1119 211 1177 Quo
221 1120 330 1178 molem
339 1119 415 1178 hauc
425 1117 548 1177 inmania
558 1116 627 1193 equi
637 1116 772 1174 statuere?
792 1116 856 1192 quia
869 1135 935 1175 auc·

219 1226 278 1281 tor?
556 1276 559 1281 .

153 1325 260 1385 andve
276 1328 401 1403 petunt?
427 1344 492 1401 quae
509 1323 632 1401 religio?
652 1334 703 1381 aut
721 1342 785 1400 qnae
803 1324 936 1384 machina

221 1429 307 1487 belli?

157 1528 271 1590 Dixerat.
312 1531 366 1588 llle
378 1531 452 1590 dolie
462 1530 622 1600 instruatu,
641 1539 671 1590 et
683 1540 744 1589 arte
756 1530 881 1609 Pelasgi,

161 1630 269 1705 Sustulit,
288 1644 389 1693 exutas
399 1634 511 1704 vinclis,
530 1636 567 1694 ad
579 1634 666 1692 fidem
679 1634 804 1711 palmae:

192 1737 251 1808 Vos,
270 1736 373 1795 aeterni
385 1737 476 1814 ignea,
494 1746 524 1796 et
536 1757 595 1796 nnn
607 1738 741 1797 violabile
752 1737 874 1797 vestrum

163 1834 243 1898 Testor
254 1858 372 1910 numen,
392 1841 446 1898 ait:
470 1861 529 1913 voa,
549 1860 614 1911 arae,
632 1840 768 1917 ensesque
780 1841 907 1913 nefandi,

166 1939 229 2003 nuos
239 1944 305 2022 fugi
311 1969 321 2014 ;
341 1943 479 2020 vittaeque
490 1945 587 2015 deum,
606 1963 677 2020 quaa
689 1944 778 2003 hostia
791 1945 873 2022 gellia

165 2038 203 2102 Fas
211 2048 282 2106 mihi
294 2047 449 2106 Graiorum
460 2048 567 2107 sacrata
580 2048 718 2106 resolvere
725 2047 800 2126 jura,

166 2141 204 2206 Fla
212 2152 296 2211 odiffe
308 2151 394 2223 viros,
413 2159 499 2227 atque
511 2151 609 2210 omnia
621 2152 694 2209 ferre
706 2152 759 2209 sub
771 2170 861 2222 ausae,

168 2246 246 2329 Siqua
258 2265 362 2333 tegunt
369 2279 378 2326 ς
399 2264 498 2313 teneor
508 2255 608 2331 patriae
620 2274 674 2312 nec
686 2255 798 2332 legibue
810 2258 885 2314 ullis.

166 2348 199 2411 Tu
208 2360 291 2418 modo
302 2357 442 2434 promiffia
453 2376 578 2429 maneae,
597 2358 762 2435 servataque
775 2359 866 2418 serven

167 2451 231 2537 Troja
243 2462 344 2532 fidem;
367 2461 466 2519 livera
479 2461 579 2531 feram,
599 2462 738 2540 fimagna
750 2466 911 2541 rependamt

192 2563 287 2625 Omnis
298 2565 362 2642 spen
374 2565 519 2635 Danaum,
539 2567 569 2623 el
581 2566 669 2642 coepti
681 2565 785 2624 fiducia
800 2568 878 2637 belli,

166 2656 265 2728 Palladia
278 2668 394 2727 auxiliis
405 2669 516 2746 semper
526 2668 610 2727 stetit.
649 2669 750 2745 Inpius
761 2690 798 2728 ex
811 2690 870 2748 qao

165 2759 270 2842 Tydides
283 2773 333 2831 sed
345 2773 423 2830 enim
435 2773 631 2849 sceletumque
643 2772 776 2831 inventor
787 2774 888 2832 Ulixes

165 2860 242 2935 Fatale
253 2876 374 2954 adgreffi
386 2876 494 2934 sacrato
506 2875 627 2934 avellere
640 2876 747 2953 templo

164 2964 314 3049 Palladium,
334 2980 410 3037 caesns
422 2979 540 3037 summae
552 2978 713 3037 custodibus
725 2980 806 3048 arcia,

163 3070 321 3161 conripnere
333 3082 439 3141 sacram
453 3082 591 3158 effigiem,
611 3083 799 3158 manibusque
817 3083 941 3142 eruentis

161 3167 297 3261 Virgineus
309 3185 370 3244 auli
383 3184 456 3245 divae
469 3185 636 3261 contingere
648 3185 747 3257 vittaa;

158 3270 196 3343 Ex
206 3288 254 3347 illo
265 3291 365 3357 fluere,
384 3307 418 3347 ac
429 3298 505 3345 retro
517 3288 647 3365 sublapsa
658 3286 767 3359 referii,

158 3374 216 3458 Spes
227 3392 378 3465 Danaum
399 3390 495 3450 sraela
507 3391 594 3464 vi'ren
610 3391 704 3452 aversa
713 3392 777 3450 deae
789 3411 878 3451 meua.
