2250 4050
169 460 229 515 234
321 488 323 492 ·
430 451 710 519 AENEIDOS,
869 457 942 522 v.l9!

171 611 249 667 Cum
262 608 377 666 stabulis
389 617 516 666 armenta
530 608 627 665 trabit.
655 607 727 665 Vidi
741 606 803 684 ipse
815 607 942 666 furenten

171 711 259 769 Caede
272 711 508 787 Neoptolemum,
529 710 717 787 geminosque
730 709 763 767 in
778 709 880 768 limine
890 710 942 767 Atr.

251 815 313 871 das:

172 916 242 975 Vidi
262 917 424 984 Hecubam,
451 924 626 991 centumque
645 934 744 983 nurus,
772 915 942 988 Priamumqu

250 1037 302 1094 per
313 1037 373 1077 aras

172 1120 319 1198 Sanguine
331 1121 497 1191 fmdantem,
518 1140 589 1197 quos
600 1121 661 1197 ipse
675 1119 842 1188 sacraverat,
860 1116 934 1196 ignia.

175 1223 395 1299 Quinquaginta
409 1224 452 1281 illi
467 1225 596 1292 thalami,
616 1223 677 1301 spes
690 1234 769 1282 tanta
783 1220 927 1301 nepotuml

173 1325 325 1384 Barbarico
337 1326 428 1402 postes
440 1346 509 1385 auro
522 1326 675 1404 spoliisque
688 1325 803 1403 superbi

173 1428 361 1487 Procubuere.
400 1429 515 1486 Tenent
529 1428 633 1498 Danai,
655 1429 713 1505 qud
725 1427 825 1486 deficit
837 1426 912 1504 ignis.

213 1531 338 1588 Forsrtan
351 1540 390 1599 et,
412 1529 515 1588 Priami
529 1529 639 1589 fuerint
651 1550 716 1607 quae
729 1531 799 1599 fata,
819 1529 935 1606 requirat.

174 1632 264 1690 Urbis
276 1632 319 1690 uti
333 1641 423 1710 captae
435 1632 542 1702 casum,
562 1622 752 1708 oenvolsaque
764 1633 841 1691 vidit

174 1735 290 1794 Limina
304 1736 452 1805 todorum,
474 1747 503 1793 et
517 1735 645 1794 medium
658 1735 691 1793 in
703 1736 893 1812 penetralibus
901 1732 942 1789 bat

253 1833 326 1909 tetur
593 1915 596 1928 y

174 1942 266 2000 Arma
278 1941 330 2003 din
344 1940 436 1999 senior
448 1941 563 1999 desueta
577 1926 767 1999 trementibus
779 1961 842 2000 aevo
939 1970 941 1977 ·

175 2046 343 2103 Circumdat
354 2044 548 2121 nequidquam
559 2044 695 2112 humeris,
708 2054 739 2101 et
751 2045 857 2103 inutile
865 2044 942 2101 serrat

175 2147 320 2224 Cingitur,
340 2167 374 2205 ac
386 2146 486 2205 densos
498 2147 590 2205 fertur
603 2146 758 2204 moriturus
771 2146 803 2204 in
816 2143 905 2205 hostis.
933 2135 936 2143 ⁴

213 2250 340 2308 AEdibus
353 2251 385 2306 in
398 2250 510 2318 mediiS,
530 2250 665 2325 nudoque
682 2250 733 2308 sub
746 2249 860 2307 aetheris
871 2263 927 2314 axe,

175 2353 281 2429 Ingens
294 2371 342 2411 ara
355 2352 427 2423 suin
445 2351 587 2429 juxtaque
600 2352 750 2410 veterrima
763 2352 868 2420 laurus,

175 2455 347 2512 Incumbena
361 2474 426 2523 arae,
446 2466 532 2531 atque
545 2454 647 2511 umbra
659 2454 802 2531 conplexa
815 2457 930 2513 Penatea

174 2556 235 2613 Hie
248 2558 368 2614 Hecuba
381 2567 411 2615 et
424 2566 499 2614 natae
515 2544 722 2632 nequidquam,
743 2557 844 2616 altaria
856 2555 942 2615 circum

175 2660 337 2737 Praecipites
349 2663 411 2720 atri
423 2681 477 2719 ceu
490 2660 657 2736 tempestate
668 2659 821 2731 columba,

175 2763 343 2835 Condensae,
355 2772 385 2822 et
396 2764 492 2822 divom
506 2763 646 2840 amplexae
659 2763 817 2832 fimulacra,
830 2762 942 2822 sedebant

174 2867 273 2943 Ipsum
287 2875 384 2924 autern
398 2866 497 2923 sumtis
508 2864 656 2923 Priamum
662 2863 847 2940 juvenalibus
859 2863 932 2924 annia

175 2969 220 3026 Ut
230 2968 303 3027 vidit
308 2994 318 3040 5
338 2969 414 3026 Quae
424 2987 505 3026 mens
516 2976 576 3025 tam
586 2965 657 3038 dira,
672 2967 831 3026 miserrime
841 2965 942 3050 conjuut

175 3070 286 3147 Inpulit
299 3070 344 3127 his
357 3070 435 3147 cingi
449 3069 529 3127 telis?
551 3079 601 3126 aut
614 3088 673 3145 quo
685 3070 759 3127 ruis?
780 3070 883 3147 inquit.

176 3173 246 3231 Non
259 3172 311 3230 tali
325 3172 443 3241 auxilio,
464 3190 517 3230 nec
531 3170 727 3230 defensoribus
740 3172 810 3242 istis,

176 3275 304 3351 Tempus
314 3285 393 3352 eget:
416 3293 484 3343 non,
494 3274 516 3331 fi
526 3272 586 3351 ipse
597 3293 678 3332 meua
688 3272 942 3341 nuucadforetllss

256 3384 309 3435 tor.
364 3433 369 3443 ,
424 3436 430 3443 ,
