2250 4050
212 468 253 533 ne
466 470 775 543 nonomen,
932 436 1006 544 γὰρ.

546 647 709 687 conrnorr.

221 726 317 786 Saetofi
329 737 416 804 caput
429 729 484 787 hoc
497 731 557 806 apri
571 730 635 803 tibi,
656 731 750 801 Delia,
770 749 875 808 parvus

221 831 259 891 Et
271 832 380 889 ramosa
391 832 493 891 Micon
503 832 610 892 vivacis
623 853 728 892 cornua
740 834 828 892 cervi.

221 934 251 992 si
264 935 412 1012 proprium
423 935 478 993 hoc
491 936 588 1005 fuerit,
607 937 665 995 levi
679 939 715 995 de
728 957 872 997 marmore
884 946 942 995 tota

220 1038 345 1096 Puniceo
358 1037 441 1097 stabis
455 1038 530 1098 suras
542 1039 654 1098 evineta
664 1040 816 1098 cothurno.

547 1162 688 1200 rasnsrs.

221 1243 321 1302 Sinum
334 1244 422 1317 laetis,
443 1254 473 1303 et
485 1245 547 1303 haec
561 1254 589 1303 te
599 1245 667 1316 liba,
688 1244 797 1322 Priape,
819 1245 975 1321 quotannis

221 1347 389 1424 Exspectare
402 1348 444 1406 sat
457 1349 510 1406 est:
532 1349 622 1407 custos
633 1368 662 1406 es
672 1348 802 1426 pauperis
813 1349 900 1407 horti.

220 1451 310 1510 Nunc
324 1460 353 1508 te
365 1470 557 1509 marmoreum
569 1471 620 1529 pro
633 1461 760 1529 tempore
771 1451 907 1524 fecimus,
928 1461 956 1510 at
967 1460 998 1518 tu,

221 1553 251 1611 Si
264 1554 356 1612 fetura
370 1573 488 1631 gregem
501 1555 682 1632 suppleverit,
696 1574 797 1613 aureus
811 1555 879 1615 esto.

548 1676 708 1717 cosroen.

220 1759 331 1820 Nerine
344 1761 473 1832 Galatea,
496 1761 597 1837 thymo
611 1760 683 1819 mihi
696 1759 807 1819 dulcior
820 1763 935 1840 Hyblae,

222 1866 378 1924 Candidior
390 1866 498 1942 cycnis,
519 1866 603 1923 ederis
615 1865 763 1924 fonnolior
775 1866 855 1924 alba:

221 1969 324 2027 Quum
336 1968 464 2045 primum
476 1968 547 2046 pasti
558 1976 687 2045 repetent
699 1967 833 2046 praesepia
847 1968 931 2039 tauri,

221 2072 251 2130 Si
264 2091 321 2148 qua
334 2071 377 2129 tui
390 2072 550 2150 Corydonis
564 2071 651 2130 habet
664 2081 695 2129 te
708 2091 784 2142 cura,
805 2074 913 2131 venito.

553 2193 694 2232 rnrnsrs.

220 2278 316 2337 Immo
327 2296 381 2353 ego
395 2277 506 2336 Sardois
518 2277 616 2335 videar
629 2277 683 2336 tibi
696 2276 819 2335 amarior
831 2278 934 2349 herbis,

220 2380 372 2441 Horridior
383 2381 474 2451 rusco,
487 2378 611 2458 projecti
623 2380 707 2437 vilior
720 2379 799 2455 alg33

221 2484 251 2542 Si
264 2484 337 2542 mihi
350 2504 408 2542 non
421 2484 483 2541 haec
496 2484 547 2540 lux
560 2491 623 2539 toto
633 2481 693 2559 jam
707 2482 821 2559 longior
834 2503 910 2542 anno
922 2483 966 2541 est.

221 2586 407 2658 Itedomum,
427 2585 506 2663 pasti,
528 2584 627 2660 siquis
640 2586 740 2661 pudor,
760 2585 811 2656 ite,
827 2585 953 2663 juvenci.

543 2706 705 2746 conrnorr.

221 2792 346 2851 Muscosi
357 2794 459 2861 fontes,
479 2802 509 2849 et
521 2792 621 2849 somno
633 2790 748 2849 mollior
759 2791 857 2863 herba,

221 2896 260 2955 Et
273 2915 337 2973 quae
351 2916 403 2954 vos
416 2894 477 2953 rari
492 2894 590 2953 viridis
604 2894 678 2971 tegit
691 2896 807 2953 arbutus
820 2896 933 2966 umbrd,

222 2998 379 3057 Solstitium
391 2997 487 3075 pecori
500 2996 662 3058 defendite:
681 2996 743 3073 jam
756 2996 838 3056 venit
851 2999 928 3056 aestas

221 3102 352 3170 Torrida,
366 3099 429 3177 ‚jam
440 3100 506 3158 laeto
517 3108 634 3175 turgent
646 3098 675 3157 in
690 3100 809 3177 palmite
820 3118 950 3177 gemmae.

549 3222 691 3262 anrasrs.

222 3308 278 3367 His
291 3309 380 3381 focus,
400 3313 431 3366 et
444 3307 525 3366 taedae
538 3305 670 3383 pingues,
690 3306 739 3366 hic
751 3300 892 3384 plurimus
906 3305 977 3386 ignis
