2250 4050
261 436 265 442 ’
318 444 418 525 ΜΒ.
440 444 510 506 tv.
757 454 814 519 ¹¹9

145 610 194 663 ‚ter
205 602 371 672 Tiberinus,
391 611 422 661 et
435 592 511 661 unde
524 601 640 661 Aniena
654 603 773 673 fluenta,

145 726 207 784 ,que
220 708 321 766 sonans
334 707 475 783 Hypanis,
497 707 655 783 Mysusque
667 706 783 778 Caicus,
862 766 867 775 ,

145 829 178 869 na
191 820 308 869 auratus
321 810 435 868 taurino
446 828 553 868 cornua
566 809 647 867 voltu

145 934 167 986 ις
190 932 249 990 quo
261 932 319 972 non
332 914 405 971 alius
417 932 468 990 per
482 913 603 991 pinguia
616 912 695 970 culta

151 1034 327 1094 purpureum
340 1015 494 1074 violentior
506 1015 602 1073 effluit
614 1014 717 1073 amnis.

145 1140 201 1179 ram
210 1120 289 1178 estin
298 1119 428 1189 thalami,
437 1119 593 1196 pendentia
604 1119 728 1195 pumice,
738 1117 812 1178 tetta

145 1243 194 1293 un,
214 1233 244 1282 et
257 1223 339 1299 gnati
351 1224 436 1280 fletus
449 1221 585 1299 cognovit
597 1221 696 1279 inanes

160 1327 293 1387 manibus
305 1326 429 1401 liquidos
442 1327 512 1383 dant
524 1324 626 1382 ordine
639 1324 727 1383 fontis

146 1450 175 1500 a,
196 1431 339 1506 tonsrsque
351 1430 449 1487 ferunt
460 1416 694 1486 manteliavillis.

146 1534 183 1592 lis
195 1543 317 1591 onerant
329 1532 449 1603 mensas,
469 1543 500 1590 et
512 1533 598 1609 plena
611 1517 753 1607 reponunt

153 1636 299 1696 Panchaia
312 1635 477 1694 adolescunt
494 1635 610 1712 ignibus
622 1653 691 1691 arae:

146 1760 164 1810 r,
184 1741 264 1817 Cape
276 1738 397 1797 Maeonii
410 1738 549 1797 carchefia
562 1737 681 1809 Bacchi3

146 1844 274 1912 libemus,
295 1842 345 1902 ait.
386 1841 477 1899 Simul
490 1841 550 1919 ipsa
562 1850 695 1918 precatur

146 1965 220 2023 nque
228 1955 340 2023 patrem
350 1963 455 2014 rerum,
466 1944 675 2022 Nymphasque
685 1944 800 2016 sortirer,

152 2071 218 2129 quoe
231 2051 320 2119 silvas,
333 2058 451 2108 centum
461 2069 526 2126 quae
537 2048 669 2119 flumina,
683 2049 807 2121 servant,

146 2155 195 2213 ido
208 2155 356 2212 ardentem
368 2152 497 2230 perfudit
508 2153 622 2211 usitare
634 2138 762 2223 Vestam,

146 2277 199 2316 una
212 2257 248 2315 ad
261 2256 405 2314 summum
417 2256 484 2314 tetri
497 2254 621 2333 subjebta
633 2255 748 2314 reluxit.

146 2380 191 2438 quo
204 2361 321 2419 firmans
334 2360 473 2428 animum,
487 2359 524 2416 fic
537 2358 641 2436 incipit
653 2358 729 2436 ipsa:

156 2462 314 2539 Carpathio
327 2461 459 2538 Neptuni
472 2461 589 2537 gurgite
601 2470 689 2531 vates,
766 2471 769 2478 '

147 2587 159 2624 s
172 2568 299 2635 Proteus,
319 2583 457 2641 maguum
470 2564 521 2639 qui
533 2563 659 2641 piscibus
670 2584 767 2641 aequor

146 2690 159 2728 a
171 2670 311 2746 bipedum
324 2686 409 2726 curru
422 2667 542 2725 metitur
553 2686 702 2742 equorum.

147 2793 163 2831 c
176 2772 318 2831 Emathiae
330 2782 436 2848 portus,
455 2770 634 2847 patriamque
647 2772 743 2831 revifit

155 2898 163 2934 ι
185 2875 263 2933 hunc
278 2884 309 2932 et
323 2875 468 2951 Nymphae
481 2893 658 2944 veneramur,
677 2874 779 2951 etipse

147 2999 189 3037 rus
202 2979 328 3048 Nereus,
350 2977 433 3035 novit
447 2996 572 3052 namque
582 2977 678 3035 omnia
691 2987 779 3047 vates,

147 3094 167 3155 t,
187 3102 252 3158 quae
264 3081 383 3151 fuerint,
403 3099 467 3156 quae
480 3100 549 3139 mox
561 3091 681 3139 ventura
695 3082 811 3141 trahan-

147 3290 188 3348 ita
203 3290 341 3365 Neptuno
353 3287 446 3346 visum
459 3288 507 3359 est,
527 3286 657 3345 inmania
669 3286 750 3365 cujus

147 3413 163 3465 t,
183 3402 214 3451 et
226 3393 316 3469 turpis
329 3391 421 3469 pascit
431 3392 484 3450 sub
497 3390 613 3469 gurgite
625 3390 741 3467 phocas.
