2250 4050
146 450 238 504 ΨΜ·
433 440 629 509 CULEX.
875 448 929 503 rna

146 598 247 678 neptus
260 604 371 662 tetrice
384 604 529 680 dadinum
549 614 581 664 et
593 624 658 664 mea
670 604 774 664 Manet

146 700 243 762 issem
255 705 387 764 lethaens
399 719 509 785 cogunt
522 718 668 767 transnare
679 725 732 784 per
743 705 849 763 undasz

146 802 223 864 Praedn
234 807 393 866 Charontis
405 827 484 886 agor.
509 811 605 868 Video
617 821 659 879 ut,
673 808 826 886 flagrantia
839 808 929 880 tedis,

146 903 253 966 Lumina
265 911 421 969 conlucent
433 912 553 971 infernin
566 912 681 971 horrida
693 911 810 988 templis
816 936 826 983 ;

146 1003 224 1068 Obvia
236 1011 403 1089 Tisiphone,
423 1014 600 1091 serpentibus
612 1014 742 1090 undique
755 1023 860 1085 comta,
885 1056 889 1069 ,

149 1104 306 1184 Ῑῑίὶειιιωίε;
329 1110 359 1172 et
373 1114 444 1174 seva
457 1118 552 1193 quatit
565 1117 638 1175 mihi
650 1119 767 1176 verbera
783 1119 881 1189 Poena;

150 1207 267 1274 Cerbenn
278 1226 310 1275 et
323 1217 394 1275 diris
405 1219 509 1295 flagrat
521 1219 670 1277 latratibus
683 1238 741 1287 ora,

152 1311 283 1392 Anguibus
290 1320 456 1396 hincatque
462 1321 531 1380 hinc
540 1321 658 1380 horrent
667 1320 715 1379 cni
724 1321 797 1378 colla
805 1321 928 1392 reflexis,

154 1410 384 1497 sanguineumque
396 1422 505 1481 micant
518 1425 648 1482 ardorem
661 1422 779 1481 luminis
793 1426 883 1482 orbes.

155 1509 213 1578 Heu!
234 1524 304 1600 quid
315 1526 354 1582 ab
367 1525 464 1583 officio
475 1524 595 1602 digressa
608 1525 647 1583 est
660 1526 762 1602 gratia,
781 1545 850 1584 curn
862 1536 891 1585 te

156 1611 250 1682 Reffitui
262 1625 380 1702 superis,
398 1626 450 1684 leti
458 1626 521 1704 jam
533 1628 635 1686 limine
648 1631 685 1687 ab
699 1628 779 1705 ipso?

156 1713 247 1786 Pnnn
258 1729 327 1787 sunt
339 1729 454 1806 pietatis
467 1731 535 1789 nbi?
556 1731 674 1807 pietatis
686 1731 807 1792 honores

155 1815 180 1883 ln
189 1845 262 1889 vanas
275 1832 372 1890 abiere
384 1832 474 1902 vines3
495 1843 526 1890 et
537 1852 604 1892 rure
615 1833 726 1891 receffit

154 1919 251 2003 Jufflna,
270 1944 301 1992 et
313 1934 392 2012 prior
403 1934 454 1993 iila
467 1934 563 1994 indes:
585 1935 718 1994 instantia
732 1935 791 1994 vici

155 2027 267 2108 Alterius,
287 2039 348 2097 sane
360 2038 489 2116 respectu
501 2057 566 2097 mea
580 2038 640 2097 sata
653 2038 827 2115 relinquens.

154 2128 187 2190 Ad
196 2140 293 2213 pariles
305 2159 376 2217 agor
385 2149 518 2212 eventns5
540 2140 575 2198 fit
587 2159 671 2217 poena
685 2141 808 2198 merenti
813 2166 822 2213 i

154 2227 416 2313 innitentium
434 2244 520 2300 modo
534 2243 568 2300 sit
581 2244 653 2300 dum
666 2251 745 2319 grata
758 2243 907 2302 voluntari

153 2330 236 2403 Etistat
247 2365 299 2423 par
311 2344 456 2403 officium!
479 2346 565 2403 Feror
577 2345 641 2403 avia
653 2363 780 2421 carpens,

153 2437 207 2502 Avia
217 2447 389 2509 Cimmerios
401 2446 477 2505 inter
489 2444 622 2505 distantia
634 2446 727 2515 lucos;

154 2537 229 2608 Quem
241 2550 317 2609 cinca
330 2550 420 2607 tristes
433 2549 587 2608 densentur
599 2549 630 2607 in
644 2549 741 2607 omnia
754 2568 856 2625 poenae.
959 2613 962 2618 ,

153 2636 211 2709 Nam
222 2652 331 2711 vinctus
344 2651 422 2709 sedet
434 2651 558 2710 inmanis
571 2650 747 2728 serpentibus
759 2652 841 2721 Otos,

154 2738 304 2813 Devinnmn
316 2754 427 2811 maestus
440 2753 712 2830 proenladspiciens
724 2754 889 2830 Ephialten,

154 2843 236 2914 Conni
247 2876 315 2915 cnm
327 2857 382 2914 fint
393 2856 539 2931 qnondam
553 2855 712 2913 rescindere
725 2856 864 2914 mundum
870 2879 880 2927 3

154 2945 182 3008 Et
190 2956 290 3037 Tityos,
310 2962 429 3029 Latona,
450 2969 508 3017 tnae
521 2977 631 3016 memor
643 2958 745 3016 anxius
758 2959 817 3027 irae,

156 3046 313 3131 inplacabilis
325 3064 368 3121 ira
379 3062 481 3119 nimis!
501 3060 578 3137 jacet
590 3060 668 3118 alitis
682 3060 755 3117 esca.

156 3145 314 3232 Teneoraht
338 3163 425 3222 tantis
437 3163 570 3231 insistere,
591 3171 699 3220 terreor
709 3161 830 3233 umbris,

157 3250 193 3314 Ad
202 3264 304 3345 Stygias
317 3274 463 3324 revocatus
475 3284 571 3341 aquas.
605 3263 666 3321 Vix
678 3262 798 3321 ultimus
810 3263 891 3325 amni

159 3347 239 3441 nnn,
256 3370 399 3429 menen
411 3367 513 3426 nvem
526 3366 578 3444 qui
590 3365 717 3442 prodidit
728 3364 813 3435 escas,
