2250 4050
308 453 406 513 ΗΒ.
445 451 486 512 11.
738 454 806 553 231Ι

135 617 178 680 nt,
193 610 410 688 Zephyrusque,
423 609 585 683 Notusque,
599 614 629 663 et
638 604 720 664 laetus
730 604 798 664 Eois

137 710 197 770 uis:
218 712 339 772 stridunt
352 713 437 781 silvas,
457 711 593 786 saevitque
607 707 724 767 tridenti

146 824 235 890 atque
246 815 306 875 imo
318 816 430 873 Nereus
442 813 500 871 ciet
511 830 625 887 aequors
637 810 737 868 fundo.

135 934 154 987 r,
175 916 197 974 fi
210 935 280 994 quos
290 918 408 976 obscuri
420 918 504 975 nuile
517 934 569 994 per
581 916 712 973 umbram

147 1019 266 1089 iulidiis,
286 1021 403 1097 totique
415 1018 587 1096 agitavimus
598 1019 679 1086 urbe,

135 1128 160 1179 t:
182 1122 269 1198 primi
282 1123 397 1200 clipeos,
416 1121 595 1198 mentitaque
608 1119 674 1187 tels,

136 1234 204 1295 unt3
226 1234 312 1301 atque
324 1244 383 1295 ora,
403 1224 472 1282 sono
485 1223 633 1292 discordia,
654 1222 777 1300 lignant.

135 1326 244 1385 ruimus
256 1346 390 1386 numero:
411 1327 576 1404 primusque
589 1326 729 1384 Coroebus
783 1322 787 1330 '

136 1429 236 1500 lextrl,
256 1430 330 1488 divae
343 1429 540 1507 armipotentis
551 1428 588 1486 ad
601 1446 688 1496 aram,

136 1530 178 1588 lt:
200 1531 318 1590 caditat
332 1532 469 1608 Rhipeus,
484 1530 649 1608 justiffimus
661 1549 736 1587 unias

145 1633 177 1690 in
190 1634 319 1704 Teucris,
338 1643 369 1692 et
383 1633 600 1692 servantiliimus
613 1631 688 1709 aequi
693 1656 702 1703 3

136 1753 148 1792 r
160 1736 267 1794 visum:
288 1747 411 1813 pereunt
422 1737 611 1813 Hypanisque
620 1736 798 1813 Dymasque,

136 1858 145 1896 ι
159 1838 259 1911 sociis,
280 1858 334 1897 noc
347 1848 377 1898 te
390 1848 438 1898 tua
452 1840 585 1917 plurima,
605 1839 727 1911 Panthu,

136 1960 158 1998 u
170 1941 269 2018 pietas,
290 1961 344 2000 nec
357 1942 501 2019 Apollinis
514 1941 616 2012 infula,
637 1941 719 2001 texit.

136 2062 212 2114 seres,
231 2055 262 2102 et
274 2045 391 2103 flamma
403 2056 532 2103 extrema
543 2063 684 2115 meorum,

138 2164 158 2203 n
171 2145 271 2204 occasu
285 2145 375 2205 vestro
390 2165 444 2204 nec
458 2146 523 2214 tela,
543 2165 597 2203 nec
610 2146 682 2204 ullus
786 2146 789 2154 '

149 2248 226 2306 vices
239 2249 388 2318 Danaum3
409 2258 448 2316 et,
469 2248 490 2305 fi
504 2248 564 2305 fata
577 2247 702 2316 fuilleut,

136 2369 196 2419 em,
216 2349 347 2409 mernilse
359 2369 457 2408 manu.
497 2350 671 2408 Divellimur
682 2351 764 2422 inde,

136 2463 155 2510 at
167 2452 258 2511 Pelias
271 2449 399 2512 mecum:
421 2472 544 2528 quorum
556 2453 668 2531 Iphitus
678 2471 741 2512 aevo

136 2555 199 2627 rior,
219 2556 309 2614 Pelias
321 2565 352 2614 et
363 2557 478 2616 volnere
491 2556 588 2614 tardus
600 2556 692 2617 Ulixi.

137 2678 170 2717 us
181 2660 217 2717 ad
229 2658 307 2717 sedes
321 2658 427 2717 Priami
438 2660 561 2718 clamoso
574 2660 683 2719 vocati:

136 2791 139 2810 ·
152 2761 300 2838 ingentem
313 2779 452 2839 pugnam,
465 2781 520 2822 ceu
532 2774 626 2821 cetera
640 2783 781 2841 nusquam

137 2875 196 2933 ent,
216 2864 290 2928 nulli
304 2866 364 2921 tota
377 2875 556 2922 morerentur
568 2865 600 2923 in
613 2859 698 2937 urbs;

137 2985 177 3024 em
185 2966 369 3035 indomitum,
376 2968 547 3043 Danaosque
556 2970 593 3026 ad
605 2970 678 3027 teila
690 2969 800 3029 ruentis

137 3088 160 3139 s,
181 3068 378 3144 obseffumque
390 3068 453 3127 sess
466 3069 605 3128 testudine
620 3062 721 3130 limen.
781 3067 784 3074 ’

137 3171 289 3249 parietibus
302 3170 393 3241 scalae,
412 3172 558 3247 postesque
572 3164 625 3230 sub
637 3165 712 3250 ipsos

137 3292 147 3332 r
159 3273 305 3352 gradibus,
325 3273 488 3350 clipeosque
500 3276 535 3332 ad
551 3275 608 3334 telo
620 3276 733 3337 finistris

137 3374 290 3455 objiciunty
310 3374 702 3461 pnnsantfastigiadextris.
745 3417 747 3422 -
778 3417 781 3422 -
