2250 4050
260 482 307 534 so.
495 442 827 548 eucnemon-2
957 484 1014 549 vn.

261 631 365 704 Flexit,
385 641 415 690 et
428 633 532 693 infidos
544 636 657 712 agitans
670 628 810 694 discordia
823 628 940 706 fratres3

262 736 325 794 Aut
338 734 486 812 conjurato
498 738 671 796 descendens
684 740 782 797 Dacus
795 741 832 797 ab
845 738 945 796 Histro
949 762 958 808 3

261 838 332 897 Nou
345 857 389 896 res
401 840 546 910 Romanae,
566 842 750 918 perituraque
769 860 873 918 regua:
896 838 1014 917 nequeil

262 942 325 1000 Aut
338 943 432 1000 doluit
445 942 581 1003 miserans
593 944 719 1022 inopem,
733 952 783 1003 aut
795 944 904 1003 invidit
916 943 1014 1001 habent

264 1045 346 1103 Quos
358 1045 431 1103 rami
444 1046 561 1116 fruetus,
581 1066 652 1122 quos
664 1047 724 1125 ipsa
736 1046 865 1105 volentia
879 1066 953 1116 rura,

263 1148 370 1224 Sponte
384 1149 474 1207 tulere
486 1149 544 1221 sua,
566 1150 681 1227 carpsit:
704 1169 757 1208 nec
770 1151 863 1208 ferrea
872 1148 947 1226 jura,

262 1249 457 1327 Insanumque
470 1253 574 1320 forum,
594 1262 644 1310 aut
657 1253 756 1330 populi
769 1253 910 1311 tabularia
923 1251 999 1333 vidit.

264 1353 426 1411 Sollicitant
437 1355 488 1412 alii
501 1355 587 1412 remis
599 1357 672 1413 freta
685 1375 770 1424 caeca,
789 1363 936 1431 ruuntque

264 1457 299 1513 In
313 1457 430 1527 ferrum,
451 1468 603 1534 penetrant
616 1459 702 1527 aulas,
723 1468 753 1516 et
765 1457 869 1516 limina
884 1477 980 1534 regum
985 1479 993 1528 3

264 1558 324 1617 Hic
336 1560 410 1636 petit
421 1561 541 1619 excidiis
554 1564 655 1619 urbem
668 1560 841 1637 miserosque
855 1561 976 1628 Penatis,

265 1662 310 1719 Ut
322 1664 437 1738 gemma
450 1663 540 1733 bibat,
560 1673 591 1721 et
605 1665 724 1721 Sarrano
736 1664 894 1721 iudonniat
907 1664 988 1721 otho:

265 1765 374 1823 Condit
387 1785 454 1843 opes
467 1766 547 1837 alius,
569 1761 732 1842 defossoque
746 1766 866 1824 incubat
878 1786 957 1825 auro.

265 1868 325 1926 Hic
335 1869 427 1946 stupet
435 1870 580 1928 adtonitus
591 1869 696 1927 Rostris
702 1894 710 1939 3
726 1869 805 1927 hunc
813 1868 929 1946 plausus
937 1868 1014 1926 hiant

266 1972 319 2030 Per
332 1992 449 2044 cuneos,⁴
459 1973 622 2050 geminatus
632 1972 711 2030 enirn
723 1971 873 2049 plebisque
885 1980 1008 2049 patrumq

266 2075 429 2150 Conripuit.
470 2077 606 2133 Gaudent
618 2075 723 2152 perfusi
736 2074 875 2151 sanguine
888 2076 1002 2134 fratrum

266 2176 431 2252 Exsrlioque
444 2179 542 2236 domos
555 2188 585 2235 et
598 2178 693 2235 dulcia
706 2177 808 2234 limina
824 2187 949 2247 mutant,

266 2280 365 2356 Atque
380 2280 435 2338 alio
448 2282 572 2357 patriam
583 2290 717 2357 quaerunt
729 2279 782 2339 sub
795 2277 853 2337 sole
862 2280 989 2357 jacentes

265 2383 403 2459 Agricola
417 2384 536 2442 incurvo
550 2393 655 2441 terram
669 2367 790 2440 dimovit
805 2393 915 2441 aratro:

266 2487 345 2544 Hinc
358 2487 427 2543 anni
440 2487 520 2544 labor
525 2512 533 2558 3
555 2486 624 2543 hinc
637 2497 746 2563 patrem
761 2504 918 2563 parvosque
931 2505 976 2561 neq

267 2589 400 2659 Sustinet3
417 2590 486 2646 hinc
497 2598 626 2648 armenta
635 2590 731 2658 boum,
741 2587 916 2663 meritosque
919 2588 968 2665 juv

266 2692 333 2751 Nec
347 2692 467 2767 requies,
488 2691 558 2767 quin
573 2700 623 2748 aut
635 2690 729 2767 pomis
741 2693 882 2747 exuberet
895 2710 963 2748 anm·

267 2797 331 2853 Aut
343 2795 405 2851 fetu
418 2814 564 2871 pecorum,
584 2803 634 2851 aut
647 2793 773 2851 Cerealis
786 2793 910 2869 mergite
922 2814 955 2851 cu

268 2900 466 2974 Proventuque
479 2906 580 2954 oneret
594 2896 692 2966 sulcos,
713 2905 801 2977 atque
814 2896 914 2953 horrea
927 2896 952 2953 u'

267 3002 358 3058 Venit
370 3000 478 3057 hiems:
501 2999 604 3056 teritur
618 2998 749 3074 Sicyonia
763 3000 849 3055 bacca
863 3007 941 3075 trape

268 3103 380 3160 Glande
393 3103 456 3159 sues
470 3102 529 3159 laeti
542 3102 678 3170 redeunt3
701 3102 769 3157 dant
784 3103 885 3159 arbuta
898 3102 937 3158 fil»

267 3205 306 3263 Et
318 3205 409 3263 varios
421 3205 503 3281 ponit
516 3205 592 3262 fetus
605 3204 774 3261 uudumnus
781 3228 789 3274 3
812 3213 841 3261 ct
854 3204 912 3261 alte

268 3308 352 3365 Mitis
364 3308 396 3364 in
409 3308 511 3383 apricis
525 3307 658 3383 coquitur
671 3307 816 3363 vindemia
828 3306 911 3364 saxis.

267 3411 380 3472 Interea
393 3410 490 3470 dulces
502 3410 630 3488 pendent
643 3409 751 3468 circum
764 3408 858 3468 oscula
872 3419 917 3468 nat
