2250 4050
157 479 185 519 v.
195 461 266 521 416.
465 466 576 525 ΜΒ(
604 465 660 524 111.
903 455 960 520 263

160 617 315 678 Diffiluiffe
327 620 434 690 ferunt,
451 642 545 699 quum
555 623 692 700 protenus
703 629 825 697 utraque
837 619 922 677 tellus

160 719 227 778 Una
240 721 333 780 soret:
354 724 435 781 venit
447 726 543 785 medio
554 726 585 782 vi
597 735 711 802 pontus,
731 733 762 782 et
773 722 859 781 undis

161 821 336 899 Hesperium
343 824 439 884 Siculo
451 827 525 884 latus
535 827 671 898 abscidit;
685 845 818 902 arvaque,
830 835 860 883 et
870 823 958 896 urbis,

162 925 259 983 Litore
273 927 410 996 diductas,
431 931 549 1006 angusto
561 929 691 988 interluit
703 929 780 986 aettu.

161 1026 306 1086 Dextrum
318 1031 410 1106 Scylla
422 1031 505 1102 latus,
519 1032 624 1090 laevum
635 1032 778 1107 inplacata
789 1029 960 1108 Charybdis,

161 1130 298 1201 Obfidet3
320 1140 407 1208 atque
419 1133 479 1191 imo
491 1133 619 1192 barathri
633 1142 676 1191 ter
691 1132 807 1210 gurgite
819 1133 909 1191 vastos

160 1234 264 1291 Sorbet
277 1234 308 1291 in
322 1237 476 1312 abruptum
489 1236 602 1306 fluctus,
623 1235 774 1310 rursusque
786 1234 839 1293 sub
852 1253 934 1293 auras
950 1244 953 1265 ³

158 1337 257 1412 Erigit
271 1337 404 1405 alternos,
424 1347 453 1396 et
466 1338 554 1396 sidera
567 1340 696 1397 verberat
708 1339 796 1396 unde.

157 1442 203 1498 At
216 1440 344 1516 Scyllam
357 1440 437 1498 caecis
450 1441 566 1498 cohibet
579 1441 712 1518 spelunca
725 1440 850 1509 latebris,

158 1544 221 1601 Ora
235 1542 436 1614 exsertantem,
455 1552 485 1600 et
499 1543 579 1601 navis
591 1542 621 1600 in
636 1542 702 1601 saxa
716 1542 886 1599 trahentem.

158 1645 257 1703 Prima
271 1644 395 1703 hominis
408 1645 503 1717 facies,
524 1655 553 1703 et
566 1646 687 1722 pulchro
703 1645 815 1722 petiore
828 1645 910 1721 virgo

159 1749 242 1804 Pube
256 1754 351 1804 tenus:
374 1748 511 1824 postrema
524 1747 635 1806 inmani
647 1766 763 1824 corpore
776 1746 884 1824 pistrix,
952 1739 961 1766 ''

160 1850 344 1928 Delphinum
357 1851 460 1910 caudas
473 1861 554 1910 utero
568 1851 702 1910 conmissa
714 1852 855 1928 luporum.

163 1953 280 2011 Praestat
291 1952 433 2011 Trinacrii
448 1963 539 2012 metas
552 1954 669 2012 lustrare
681 1955 808 2031 Pachyni

163 2056 337 2126 cessantem,
357 2057 457 2134 longos
468 2066 499 2114 et
512 2057 735 2116 eircumflestere
747 2056 852 2126 cursus,
951 2087 953 2090 ·

166 2160 266 2216 Quam
281 2157 367 2217 semel
381 2160 534 2218 informem
549 2160 628 2219 vasto
640 2160 738 2218 vidisse
751 2160 804 2216 sub
816 2169 898 2218 antro

167 2261 303 2337 Scyllam,
323 2270 354 2318 et
365 2261 499 2319 caeruleis
507 2261 625 2333 canibus
637 2261 795 2319 resonantia
808 2261 887 2321 saxa·

165 2365 312 2433 Praeterea,
333 2363 354 2421 fi
367 2383 423 2440 qua
436 2365 476 2421 est
488 2365 602 2423 Heleno
613 2364 774 2441 prudentia,
793 2364 853 2423 vati

165 2465 195 2524 Si
209 2485 266 2542 qua
279 2466 357 2534 fides,
377 2468 507 2524 animum
520 2467 540 2524 fi
553 2465 628 2525 veris
641 2467 732 2543 inplet
743 2467 865 2543 Apollo,

165 2568 268 2625 Unum
277 2567 428 2636 illudaribi,
441 2576 507 2625 nate
517 2569 580 2638 dea,
593 2572 708 2644 praeque
717 2568 850 2626 omnibus
860 2588 961 2640 unum,

165 2671 329 2741 Praedicam,
350 2679 380 2729 et
393 2682 521 2748 repetens
537 2672 701 2748 iterumque
718 2672 881 2748 iterumque
900 2693 962 2732 rno-

246 2776 337 2832 nebor
914 2787 916 2792 '

165 2876 288 2954 Junonir
301 2873 414 2953 magnae
426 2876 551 2953 primum
565 2895 648 2953 prece
662 2896 768 2935 numen
782 2879 881 2949 adora,

165 2978 275 3056 Junoni
287 2996 359 3036 cane
372 2988 437 3035 vota
450 2978 550 3048 libens,
571 2980 775 3054 dominamque
787 2986 934 3055 potentem

167 3080 346 3158 Supplicibus
359 3081 457 3155 super'a
471 3080 565 3138 donis:
588 3081 625 3137 src
637 3081 761 3156 denique
773 3081 873 3141 vietor·

165 3183 316 3241 Trinacria
329 3182 394 3239 finis
407 3182 492 3239 Italos
504 3182 620 3239 mittere
631 3182 738 3241 relisll.
862 3200 868 3209 ·

165 3286 235 3343 Huc
248 3285 299 3343 ubi
312 3284 423 3341 delatus
436 3276 586 3342 Cumaeam
599 3285 744 3343 adcesseris
761 3288 873 3357 urbem,

167 3388 347 3463 Divinesque
357 3386 446 3458 lacus,
465 3396 496 3448 et
508 3389 631 3451 Avema'
638 3386 775 3451 sonantia
784 3379 882 3462 huin,
