2250 4050
142 465 233 516 eso.
410 457 710 532 ennoean.
923 470 942 534 7

127 607 247 680 ‚Mollia
261 607 367 665 luteolis
380 608 476 686 pingit
489 609 617 667 vaccinia
631 609 736 668 caltha.
752 639 754 642 ·

141 711 207 786 lpse
220 729 275 786 ego
288 729 358 768 cana
370 711 466 786 legam
480 712 578 768 tenere
590 710 727 787 lanugine
739 710 824 780 mala,

140 813 349 888 Castaneasque
361 831 458 882 nuces,
470 831 536 870 mea
548 831 620 888 quas
632 812 788 890 Amaryllis
798 815 911 873 amabat
917 837 927 885 ς

140 916 260 972 Addam
277 933 358 973 cerea
374 933 480 991 pmua3
500 914 591 972 honos
609 913 665 971 erit
680 913 749 972 huic
762 929 875 991 quoque
887 935 939 993 po-

238 1036 304 1073 mo:

140 1121 178 1177 Et
192 1138 250 1190 vos,
271 1139 289 1176 0
302 1117 389 1176 lauri!
411 1137 534 1195 carpam,
554 1126 636 1188 erte,
657 1117 787 1194 proxima
799 1120 916 1197 myrtei,

141 1222 189 1278 Sic
201 1222 300 1297 pofitae
313 1222 450 1298 quoniam
463 1221 560 1278 suaves
573 1219 699 1277 miscetis
711 1221 820 1279 odores.

140 1323 273 1382 Rusticus
285 1342 324 1392 es,
340 1324 488 1398 Corydon3
510 1341 564 1378 uec
577 1339 696 1378 munera
709 1330 789 1379 curat
801 1322 918 1396 Alexim

139 1425 213 1495 Nec,
235 1427 257 1482 fi
268 1425 440 1483 muneribus
449 1433 547 1495 certes,
567 1425 705 1481 concedat
716 1423 811 1482 Iollas.

139 1529 222 1586 Heul
244 1528 316 1587 heu!
338 1527 409 1603 quid
421 1526 500 1585 volui
516 1524 719 1584 miserumihi!
741 1525 858 1586 floribus
875 1527 939 1586 aus·

145 1668 148 1674 .
218 1639 306 1701 trum,

140 1732 279 1800 Perditua‚
300 1740 330 1789 et
342 1730 460 1806 liquidis
472 1729 569 1789 iumifi
581 1730 710 1788 fontibus
724 1748 813 1806 apros.

140 1834 240 1893 Quem
257 1832 351 1910 fugis?
378 1831 415 1891 ah
431 1833 564 1895 demensi
591 1831 758 1890 habitarunt
778 1833 807 1891 dl
824 1851 938 1912 quoque

258 1937 349 2006 filvas,
833 1979 835 1987 .

137 2040 358 2116 Dardaniusque
371 2038 457 2097 Paris.
497 2036 598 2107 Pallas,
612 2055 682 2113 quas
694 2038 833 2109 condidit,
846 2058 934 2102 arces.

137 2144 201 2220 Ipsa
214 2142 303 2199 colat:
326 2141 408 2199 nobis
421 2140 552 2216 placeant
565 2147 631 2196 ante
644 2139 740 2197 omnia
754 2140 838 2200 filvae.

137 2248 232 2304 Torva
246 2246 335 2302 leaena
346 2242 448 2319 lupum
460 2241 602 2316 sequitur3
616 2241 700 2317 lupus
710 2241 769 2318 ipse
782 2244 920 2321 capellam
926 2270 936 2319 3

138 2350 303 2407 Florentem
316 2345 440 2423 cytisum
452 2343 581 2419 sequitur
593 2342 697 2401 lasciva
709 2346 830 2421 capella;

136 2453 181 2510 Te
191 2450 338 2525 Corydon,
349 2468 367 2505 ο
375 2445 475 2505 Alexi!
492 2445 581 2504 trahit
589 2445 638 2502 sua
647 2463 790 2522 quemque
797 2448 936 2527 voluptas.

136 2553 274 2629 Adspice,
294 2559 385 2611 aratra
394 2548 466 2625 juge
479 2548 608 2607 refemnt
620 2546 751 2624 suspensa
759 2548 886 2625 juvenci,

138 2659 176 2715 Et
190 2655 231 2712 sol
244 2652 395 2711 crescentis
408 2651 546 2708 decedens
559 2648 687 2725 duplicat
700 2654 828 2710 umbras:

136 2761 191 2817 Me
199 2768 297 2816 tamen
305 2754 364 2813 urit
373 2772 465 2811 amor:
481 2752 545 2827 quis
552 2752 633 2809 enim
639 2754 819 2815 modusadfit
826 2757 933 2820 amori?

136 2862 188 2920 Ah
202 2858 350 2935 Corydon!
366 2854 517 2932 Cnrydonl
533 2874 598 2931 quae
612 2863 642 2913 te
654 2856 799 2916 dementia
811 2858 902 2935 cepitl

136 2961 315 3038 Semiputata
330 2959 384 3017 tibi
397 2956 529 3015 frondosa
542 2956 611 3015 vitis
620 2956 651 3013 in
665 2958 745 3014 ulmo
758 2959 807 3016 est.

137 3064 381 3141 nummatiquid
386 3062 486 3122 saltem
493 3060 598 3137 potius,
608 3080 730 3136 quorum
738 3061 851 3141 indiget
858 3065 934 3137 usus,

135 3168 304 3229 viminibus
313 3165 452 3242 mollique
464 3182 544 3240 paras
557 3164 690 3221 detexere
698 3161 802 3240 junco?

136 3272 272 3334 Invenies
284 3270 382 3342 alium,
403 3268 468 3343 lite
478 3265 527 3325 hio
538 3264 656 3336 Audit,
677 3266 795 3330 Alexin.
