2250 4050
109 421 220 491 um
424 415 525 486 uin.
565 418 605 478 11.
854 429 912 483 rra

111 574 294 654 Suspensum,
313 582 345 634 et
356 574 464 654 pariter
476 575 635 654 comitique
652 579 791 656 onerique
806 579 912 639 timen-

224 688 295 738 tem.

145 784 272 861 Jamque
284 781 513 861 propinquabam
526 786 626 862 portia,
644 805 820 862 omnemque
832 787 912 847 vide·

224 889 279 946 bar

110 989 229 1050 Evafiffe
242 991 322 1053 viam
326 1015 335 1063 3
357 992 454 1051 subito
466 1010 559 1068 quum
572 997 672 1052 creber
684 996 721 1052 ad
734 993 824 1067 auria,

108 1097 193 1161 Visus
206 1099 300 1159 adesse
312 1101 419 1179 pedum
432 1101 556 1159 sonitus:
579 1099 759 1177 genitorque,
781 1117 833 1176 per
844 1118 910 1158 um-

224 1207 306 1263 bram

108 1306 292 1385 Prospiciem,
311 1309 401 1379 Nate,
418 1308 571 1376 exclamat,
588 1307 669 1385 suge,
687 1317 771 1380 nate;
792 1307 911 1386 propiu-

166 1459 171 1466 .
222 1421 332 1489 quant:

109 1517 247 1577 Ardentis
258 1516 376 1594 clipeos,
396 1526 483 1594 atque
496 1535 552 1574 aera
568 1514 716 1584 micantia,
735 1534 831 1578 cerno.

143 1621 204 1683 Hic
225 1619 310 1689 mihi,
338 1619 541 1698 nescioquod,
568 1619 682 1697 trepido
701 1619 778 1678 maie
800 1636 910 1678 numen

223 1723 354 1784 amicum
925 1725 927 1729 ’

109 1827 265 1887 Confusam
277 1827 385 1906 eripuit
395 1837 540 1889 mentem:
563 1847 698 1904 namque,
718 1827 782 1887 avia
794 1827 879 1887 cursu

109 1930 185 1990 Dum
198 1929 310 2008 sequor,
329 1941 362 1990 et
375 1933 443 1992 nota
455 1933 565 1992 excedo
578 1931 695 2010 regione
708 1931 832 2003 viarum,

108 2035 186 2096 Heus
209 2034 318 2096 misero
329 2036 465 2114 conjunx,
485 2038 584 2096 fatone
597 2047 706 2115 erepta,
727 2037 835 2095 Creiisa

110 2140 248 2211 Substitit,
267 2141 411 2223 erravitne
422 2141 479 2212 via,
499 2140 549 2202 seu
561 2142 630 2201 lassa
642 2140 758 2211 resedit,

107 2244 268 2306 quenumz
290 2264 345 2305 nec
357 2247 419 2325 post
430 2245 521 2306 oculis
534 2246 575 2305 est
587 2246 698 2305 reddita
711 2244 825 2318 nostris,

107 2348 169 2409 Nec
181 2349 263 2429 priua
274 2349 404 2409 amissam
414 2350 536 2429 respexi,
556 2350 723 2409 animumve
735 2348 846 2419 reflexi,

109 2453 205 2514 Onam
219 2454 366 2514 tumulum
379 2454 506 2533 autiquae
519 2454 631 2515 Cereris
649 2454 804 2530 sedemque
817 2452 909 2519 sacra,-

223 2566 286 2616 tam

107 2660 260 2722 Venimus:
282 2660 332 2720 hic
344 2662 463 2721 demum
475 2662 612 2722 muleeiiv
624 2660 758 2721 omnibus
770 2679 830 2720 una

108 2764 209 2825 Defuit
213 2789 223 2837 3
245 2773 277 2823 et
288 2764 418 2837 comiter,
435 2776 608 2846 natumque,
618 2764 781 2840 virumque,
792 2762 908 2822 fefellit.

105 2868 204 2929 Quem
216 2887 277 2927 non
289 2868 418 2930 incusavi
432 2888 531 2933 amena
546 2868 765 2944 hominumque,
773 2868 910 2953 'deorum-

220 2973 297 3048 quei

106 3074 166 3134 Aut
177 3074 252 3151 quid
264 3074 296 3133 in
310 3074 406 3134 eversa
419 3073 480 3133 vidi
493 3074 637 3134 crudelius
649 3075 737 3133 urbe?

106 3176 274 3247 Ascanium,
291 3176 499 3255 Anchisenque
517 3187 640 3255 patrem,
659 3178 845 3253 Teucrosque
857 3176 909 3236 Pe·

219 3289 302 3340 nater

104 3382 275 3446 Conmendo
284 3382 377 3458 mesia,
397 3391 429 3444 et
442 3383 532 3447 curva
544 3383 622 3468 vaiie
635 3383 782 3446 reconem
826 3460 830 3468 ⁵
