2250 4050
202 490 242 541 ³2
437 483 742 554 BUCOLtcA,
924 496 1013 560 epa:

99 699 102 704 .
204 646 326 726 Pignora
340 664 403 707 cara
418 649 475 709 sui:
498 671 563 726 quae
577 671 654 709 nunc
668 671 723 729 ego
736 650 837 710 limine
851 651 883 709 in
894 651 969 730 ipso,

128 812 132 818 ,
203 754 302 821 Terra,
324 752 378 811 tibi
391 755 511 814 mando:
535 756 641 812 dehent
653 755 715 812 haec
727 756 850 833 pignora
862 754 1013 833 Daphnin.

203 856 311 914 Ducite
337 858 373 913 ab
399 858 470 914 urbe
497 859 624 926 domum,
657 877 722 916 mea
747 857 887 930 carmina,
914 859 1013 917 ducite

282 960 430 1036 Daphnin.

204 1065 266 1122 Has
279 1063 400 1132 herbas,¹
410 1074 497 1139 atque
510 1065 572 1121 hacc
585 1067 676 1121 Ponto
689 1065 762 1123 mihi
775 1065 850 1122 leda
864 1085 989 1136 venena,

205 1167 269 1245 Ipse
282 1167 362 1224 dedit
375 1168 489 1224 Moeris:
513 1168 668 1225 nascuntur
681 1168 805 1244 plurima
819 1170 924 1226 Ponto,

205 1269 261 1328 His
274 1288 328 1345 ego
342 1268 414 1345 saepe
427 1270 528 1347 lupum
541 1270 614 1339 fieri,
634 1271 703 1327 etse
717 1272 838 1328 condere
854 1272 933 1329 silvis

206 1373 324 1440 Moerin,
345 1373 415 1448 saepe
429 1372 538 1429 animas
551 1373 618 1430 imis
630 1374 726 1432 excire
740 1372 887 1450 sepulcris,

206 1477 305 1552 Atque
318 1474 390 1532 satas
403 1475 460 1532 alio
473 1474 533 1532 vidi
547 1476 695 1533 traducere
708 1476 809 1533 meffis.

207 1579 316 1636 Ducite
341 1580 378 1636 ab
403 1580 474 1636 urbe
500 1579 629 1647 domum,
658 1598 721 1636 mea
745 1579 884 1652 carmina,
913 1581 1012 1641 ducite

284 1682 431 1759 Daphnin.

207 1787 260 1845 Fer
272 1785 390 1855 eineres,
411 1784 566 1861 Amarylli,
588 1785 672 1854 foras,
693 1784 812 1860 rivoque
825 1785 933 1843 fluenti

207 1891 356 1965 Trnnsque
382 1896 468 1966 caput
489 1886 553 1964 jace
560 1912 569 1959 3
600 1906 653 1944 nec
680 1886 854 1963 respexeris:
890 1888 937 1946 his
958 1884 1010 1966 ego

285 1991 425 2070 Daphnin
907 1993 909 1997 ’

206 2095 384 2171 Adgrediar:
407 2094 480 2151 nihil
495 2094 544 2151 ille
555 2095 631 2163 deos,
653 2093 695 2150 nil
708 2092 844 2161 carmina,
857 2105 951 2153 curat.

206 2199 313 2257 Ducite
337 2199 373 2255 ab
399 2200 469 2255 urhe
495 2198 623 2267 domum,
656 2215 721 2253 mea
747 2196 886 2267 carmina,
912 2199 1010 2257 ducite

284 2300 431 2378 Daphnin.

245 2407 385 2485 Adspice:
407 2404 550 2482 conripuit
564 2403 691 2461 tremulis
705 2402 804 2461 altaria
817 2403 945 2462 flammis

208 2514 314 2589 Sponte
322 2511 380 2579 sui,
391 2511 460 2567 dum
469 2509 543 2565 serre
551 2526 654 2577 moror,
664 2505 735 2563 cinis
745 2506 814 2582 ipse.
835 2507 953 2565 Bonum
960 2508 1007 2566 fir'i

133 2638 140 2650 ·
208 2616 314 2675 Nescio
328 2615 398 2690 quid
412 2623 488 2670 certe
502 2612 557 2682 est3
585 2621 615 2667 et
628 2610 726 2687 Hylax
739 2608 770 2665 in
784 2608 888 2667 limine
900 2610 997 2671 latrat.

209 2717 375 2777 Credimus?
396 2735 442 2786 an,
452 2714 502 2790 qui
514 2712 681 2789 amant,ips1
692 2711 743 2769 fibi
755 2710 864 2769 somnia
873 2713 1007 2791 fingunt?

209 2821 328 2891 Parcite,
356 2821 391 2877 ab
422 2820 493 2877 urbe
524 2817 614 2884 venit,
636 2814 698 2892 jam
723 2814 839 2891 parcite,
871 2818 1008 2888 cannina,

287 2921 425 3002 Daphnis.
