2250 4050
181 461 237 528 198
437 402 718 526 AENEIiJOS,
872 453 944 510 ulli

177 611 225 678 Et,
246 629 304 686 quo
317 609 369 668 sub
383 612 456 670 ooelo
469 614 596 683 tandem,
614 611 721 689 quibus
735 609 813 670 orbis
825 609 855 667 in
866 606 913 666 oris

176 713 332 790 Jaeremur,
352 714 462 774 doceas.
495 716 592 792 Ignari
605 715 829 791 hominumque,
840 713 950 770 looorum·

256 835 323 893 que,

177 920 322 990 Erramus,
342 930 429 979 vento
441 921 499 979 huc
512 930 542 979 et
555 919 639 979 vastis
651 920 790 978 fludlibus
802 918 869 990 adiig

177 1022 276 1081 Multa
290 1022 343 1081 tibi
359 1032 425 1082 ante
438 1043 499 1082 aras
513 1023 606 1082 nostri
618 1024 703 1082 cadet
718 1023 808 1080 hostia
821 1017 916 1080 dextri.

215 1125 296 1183 Tum
303 1127 417 1184 Venus:
442 1128 530 1185 Haud
541 1125 679 1204 equidem
691 1125 743 1184 tali
756 1145 805 1184 me
815 1125 908 1202 dignor
915 1119 950 1176 lo

295 1249 378 1289 nore:

176 1330 349 1409 Virginibus
361 1332 458 1410 Tyriis
472 1353 534 1391 mos
548 1334 588 1392 est
601 1333 710 1411 gestare
723 1333 890 1410 pharetram,

177 1437 382 1512 Purpureoque
394 1437 452 1494 alte
466 1435 542 1494 suras
554 1437 666 1494 vincire
679 1436 832 1494 cothurno.

178 1538 286 1597 Punica
299 1558 388 1615 regna
403 1539 492 1608 vides,
511 1539 626 1615 Tyrios,
644 1548 674 1597 et
688 1539 833 1616 Agenoris
846 1539 937 1597 urbemi

178 1642 233 1700 Sed
246 1641 318 1699 fines
332 1640 445 1718 Libyci,
466 1661 556 1719 genus
570 1643 750 1702 indomabile
763 1642 847 1701 bello.

178 1745 339 1822 Imperium
352 1745 430 1803 Dido
442 1745 532 1822 Tyria
545 1745 622 1823 regit
634 1747 706 1804 urbe
719 1747 854 1824 proseda,

179 1849 358 1907 Germanum
370 1849 495 1925 fugiens.
537 1850 638 1926 Longa
652 1849 693 1906 est
705 1848 822 1926 injuria,
840 1850 917 1922 longe

178 1953 340 2029 Ambages3
362 1951 411 2009 sed
424 1951 537 2009 summa
550 1951 653 2029 sequar
666 1951 781 2030 fastigia
794 1971 889 2010 rerum.

179 2054 259 2114 Huic
271 2054 399 2132 conjunx
413 2055 546 2131 Sychaeus
559 2066 630 2125 erat,
650 2055 806 2115 ditillimus
818 2054 877 2131 agri

179 2158 359 2227 Phoenicum,
380 2169 410 2216 et
422 2176 530 2235 magno
543 2157 654 2216 miserae
666 2158 788 2218 dilemur
800 2175 898 2224 amore3

179 2262 236 2320 Cui
249 2272 331 2339 pater
341 2255 479 2319 intaelam
493 2262 619 2331 dederat,
640 2262 801 2339 primisque
810 2262 910 2340 jugant

177 2366 350 2424 Ominibus:
373 2365 421 2423 sed
437 2384 525 2442 regna
538 2367 610 2443 Tyri
624 2385 778 2443 germanus
791 2368 902 2425 habebut

178 2467 358 2545 Pygmalion,
379 2467 484 2525 scelere
498 2478 566 2526 ante
579 2469 649 2526 alios
661 2468 810 2529 inmanior
822 2464 908 2530 omnin

179 2571 262 2636 Quos
274 2570 351 2628 inter
363 2570 477 2629 medius
489 2571 571 2629 venit
585 2572 683 2629 Furor.
724 2574 736 2630 1
740 2572 780 2631 lle
793 2572 922 2650 Sychaeum

177 2672 279 2749 Inpius
292 2684 359 2731 ante
372 2693 442 2742 aras,
463 2685 551 2749 atque
565 2673 629 2732 auri
642 2694 735 2733 caeeus
747 2695 851 2744 amore,

177 2776 262 2835 Clam
275 2776 350 2834 ferro
362 2775 514 2834 incautum
527 2776 651 2853 superat,
672 2776 788 2837 securus
801 2785 912 2838 amorum

176 2880 347 2937 Germanae:
369 2879 537 2955 fastumque
550 2879 603 2938 diu
616 2880 733 2950 oelavit,
754 2892 785 2940 et
798 2894 899 2959 agrum»

176 2982 274 3040 Multa
288 2982 381 3039 malus
394 2982 537 3051 simulans,
558 2983 632 3042 vani
645 2983 694 3061 spe
706 2984 774 3044 lusit
787 2991 918 3053 amantea*

176 3084 240 3161 Ipsa
253 3085 346 3143 sedin
359 3084 465 3142 somnis
479 3084 625 3143 inhumati
639 3088 720 3145 venit
733 3089 832 3167 imago
846 3131 849 3138 -

175 3184 332 3263 conjugis:
354 3205 404 3244 ora
417 3186 509 3245 modis
522 3187 664 3246 adtollens
676 3190 786 3266 pallida
799 3189 880 3257 miris,

175 3288 308 3346 Crudelis
320 3305 391 3357 aras,
412 3288 585 3365 trajediaque
597 3292 711 3367 pedora
724 3293 811 3364 ferro,

165 3392 204 3455 N
203 3392 310 3456 udavit
316 3418 325 3469 3
348 3411 518 3479 omumque
529 3392 635 3449 domins
642 3392 734 3452 ieelus
745 3415 830 3456 omne
842 3378 925 3456 raterii·
