<?xml version="1.0" encoding="UTF-8"?>
<!DOCTYPE html PUBLIC "-//W3C//DTD XHTML 1.0 Transitional//EN"
    "http://www.w3.org/TR/xhtml1/DTD/xhtml1-transitional.dtd">
<html xmlns="http://www.w3.org/1999/xhtml" xml:lang="en" lang="en">
 <head>
  <title>
</title>
<meta http-equiv="Content-Type" content="text/html;charset=utf-8" />
  <meta name='ocr-system' content='tesseract 3.04.00' />
  <meta name='ocr-capabilities' content='ocr_page ocr_carea ocr_par ocr_line ocrx_word'/>
</head>
<body>
  <div class='ocr_page' id='page_1' title='image "./pvirgiliimaroni03marogoog/pvirgiliimaroni03marogoog_0066.png"; bbox 0 0 2250 4050; ppageno 0'>
   <div class='ocr_carea' id='block_1_1' title="bbox 169 454 951 529">
    <p class='ocr_par' dir='ltr' id='par_1_1' title="bbox 169 454 951 529">
     <span class='ocr_line' id='line_1_1' title="bbox 169 454 951 529; baseline -0.004 -14"><span class='ocrx_word' id='word_1_1' title='bbox 169 462 209 527; x_wconf 76' lang='lat' dir='ltr'>oe</span> <span class='ocrx_word' id='word_1_2' title='bbox 403 454 733 529; x_wconf 79' lang='lat' dir='ltr'>GEORGICON,</span> <span class='ocrx_word' id='word_1_3' title='bbox 864 463 951 515; x_wconf 60' lang='lat' dir='ltr'>vien.</span> 
     </span>
    </p>
   </div>
   <div class='ocr_carea' id='block_1_2' title="bbox 93 610 918 896">
    <p class='ocr_par' dir='ltr' id='par_1_2' title="bbox 93 610 918 896">
     <span class='ocr_line' id='line_1_2' title="bbox 170 610 918 692; baseline -0.003 -20"><span class='ocrx_word' id='word_1_4' title='bbox 170 610 314 675; x_wconf 83' lang='lat' dir='ltr'>Profuerit</span> <span class='ocrx_word' id='word_1_5' title='bbox 325 612 485 672; x_wconf 75' lang='lat' dir='ltr'>meminisse</span> <span class='ocrx_word' id='word_1_6' title='bbox 497 613 604 692; x_wconf 63' lang='lat' dir='ltr'>magius</span> <span class='ocrx_word' id='word_1_7' title='bbox 625 633 694 673; x_wconf 89' lang='lat' dir='ltr'>nam</span> <span class='ocrx_word' id='word_1_8' title='bbox 706 611 782 691; x_wconf 82' lang='lat' dir='ltr'>saepe</span> <span class='ocrx_word' id='word_1_9' title='bbox 795 613 918 674; x_wconf 79' lang='lat' dir='ltr'>videmus</span> 
     </span>
     <span class='ocr_line' id='line_1_3' title="bbox 93 714 740 793; baseline -0.002 -19"><span class='ocrx_word' id='word_1_10' title='bbox 93 733 96 740; x_wconf 88' lang='lat'><strong>·</strong></span> <span class='ocrx_word' id='word_1_11' title='bbox 171 715 261 793; x_wconf 79' lang='lat' dir='ltr'>Ipsius</span> <span class='ocrx_word' id='word_1_12' title='bbox 273 714 306 773; x_wconf 93' lang='lat' dir='ltr'>in</span> <span class='ocrx_word' id='word_1_13' title='bbox 317 717 399 773; x_wconf 89' lang='lat' dir='ltr'>voltu</span> <span class='ocrx_word' id='word_1_14' title='bbox 411 716 503 775; x_wconf 84' lang='lat' dir='ltr'>varios</span> <span class='ocrx_word' id='word_1_15' title='bbox 513 735 607 775; x_wconf 90' lang='lat' dir='ltr'>errare</span> <span class='ocrx_word' id='word_1_16' title='bbox 618 718 740 777; x_wconf 82' lang='lat' dir='ltr'>colores:</span> 
     </span>
     <span class='ocr_line' id='line_1_4' title="bbox 172 817 872 896; baseline -0.003 -20"><span class='ocrx_word' id='word_1_17' title='bbox 172 819 318 879; x_wconf 87' lang='lat' dir='ltr'>Caeruleus</span> <span class='ocrx_word' id='word_1_18' title='bbox 329 817 456 895; x_wconf 82' lang='lat' dir='ltr'><strong>pluviam</strong></span> <span class='ocrx_word' id='word_1_19' title='bbox 471 819 631 889; x_wconf 87' lang='lat' dir='ltr'>denuntiat,</span> <span class='ocrx_word' id='word_1_20' title='bbox 650 820 754 896; x_wconf 77' lang='lat' dir='ltr'>igneus</span> <span class='ocrx_word' id='word_1_21' title='bbox 767 821 872 878; x_wconf 73' lang='lat' dir='ltr'>Eumae</span> 
     </span>
    </p>
   </div>
   <div class='ocr_carea' id='block_1_3' title="bbox 163 919 964 3053">
    <p class='ocr_par' dir='ltr' id='par_1_3' title="bbox 174 919 942 1504">
     <span class='ocr_line' id='line_1_5' title="bbox 174 919 882 998; baseline -0.003 -19"><span class='ocrx_word' id='word_1_22' title='bbox 174 920 224 979; x_wconf 88' lang='lat' dir='ltr'>Sin</span> <span class='ocrx_word' id='word_1_23' title='bbox 238 920 356 979; x_wconf 82' lang='lat' dir='ltr'>maculae</span> <span class='ocrx_word' id='word_1_24' title='bbox 368 919 509 997; x_wconf 86' lang='lat' dir='ltr'>incipient</span> <span class='ocrx_word' id='word_1_25' title='bbox 521 922 608 979; x_wconf 89' lang='lat' dir='ltr'>rutilo</span> <span class='ocrx_word' id='word_1_26' title='bbox 621 921 799 980; x_wconf 83' lang='lat' dir='ltr'>inmiscerier</span> <span class='ocrx_word' id='word_1_27' title='bbox 810 920 882 998; x_wconf 73' lang='lat' dir='ltr'>igni,</span> 
     </span>
     <span class='ocr_line' id='line_1_6' title="bbox 174 1022 879 1100; baseline -0.003 -18"><span class='ocrx_word' id='word_1_28' title='bbox 174 1023 282 1082; x_wconf 88' lang='lat' dir='ltr'>Omnia</span> <span class='ocrx_word' id='word_1_29' title='bbox 296 1033 365 1080; x_wconf 90' lang='lat' dir='ltr'>tunc</span> <span class='ocrx_word' id='word_1_30' title='bbox 376 1023 483 1100; x_wconf 85' lang='lat' dir='ltr'>pariter</span> <span class='ocrx_word' id='word_1_31' title='bbox 494 1033 581 1082; x_wconf 87' lang='lat' dir='ltr'>vento</span> <span class='ocrx_word' id='word_1_32' title='bbox 593 1022 757 1100; x_wconf 71' lang='lat' dir='ltr'>nimbisque</span> <span class='ocrx_word' id='word_1_33' title='bbox 768 1023 879 1082; x_wconf 83' lang='lat' dir='ltr'>videbis</span> 
     </span>
     <span class='ocr_line' id='line_1_7' title="bbox 174 1125 933 1204; baseline -0.003 -19"><span class='ocrx_word' id='word_1_34' title='bbox 174 1126 308 1185; x_wconf 81' lang='lat' dir='ltr'>Fervere:</span> <span class='ocrx_word' id='word_1_35' title='bbox 331 1144 390 1184; x_wconf 92' lang='lat' dir='ltr'>non</span> <span class='ocrx_word' id='word_1_36' title='bbox 402 1125 453 1185; x_wconf 79' lang='lat' dir='ltr'>int</span> <span class='ocrx_word' id='word_1_37' title='bbox 466 1125 619 1204; x_wconf 83' lang='lat' dir='ltr'>quisquam</span> <span class='ocrx_word' id='word_1_38' title='bbox 628 1145 678 1184; x_wconf 90' lang='lat' dir='ltr'>me</span> <span class='ocrx_word' id='word_1_39' title='bbox 690 1128 774 1184; x_wconf 73' lang='lat' dir='ltr'>nocie</span> <span class='ocrx_word' id='word_1_40' title='bbox 787 1145 839 1203; x_wconf 92' lang='lat' dir='ltr'>per</span> <span class='ocrx_word' id='word_1_41' title='bbox 850 1127 933 1184; x_wconf 84' lang='lat' dir='ltr'>altum</span> 
     </span>
     <span class='ocr_line' id='line_1_8' title="bbox 176 1228 886 1305; baseline -0.001 -19"><span class='ocrx_word' id='word_1_42' title='bbox 176 1228 231 1297; x_wconf 86' lang='lat' dir='ltr'>Ire,</span> <span class='ocrx_word' id='word_1_43' title='bbox 251 1247 345 1305; x_wconf 87' lang='lat' dir='ltr'>neque</span> <span class='ocrx_word' id='word_1_44' title='bbox 358 1247 374 1287; x_wconf 85' lang='lat' dir='ltr'>a</span> <span class='ocrx_word' id='word_1_45' title='bbox 389 1229 462 1286; x_wconf 84' lang='lat' dir='ltr'>terrai</span> <span class='ocrx_word' id='word_1_46' title='bbox 474 1238 591 1287; x_wconf 86' lang='lat' dir='ltr'>moueat</span> <span class='ocrx_word' id='word_1_47' title='bbox 604 1229 763 1286; x_wconf 81' lang='lat' dir='ltr'>convellere</span> <span class='ocrx_word' id='word_1_48' title='bbox 774 1229 886 1286; x_wconf 87' lang='lat' dir='ltr'>funem.</span> 
     </span>
     <span class='ocr_line' id='line_1_9' title="bbox 176 1330 942 1408; baseline -0.003 -19"><span class='ocrx_word' id='word_1_49' title='bbox 176 1331 221 1389; x_wconf 82' lang='lat' dir='ltr'>At</span> <span class='ocrx_word' id='word_1_50' title='bbox 233 1331 262 1398; x_wconf 86' lang='lat' dir='ltr'>fi,</span> <span class='ocrx_word' id='word_1_51' title='bbox 282 1350 372 1407; x_wconf 89' lang='lat' dir='ltr'>quum</span> <span class='ocrx_word' id='word_1_52' title='bbox 385 1332 545 1408; x_wconf 88' lang='lat' dir='ltr'>referetque</span> <span class='ocrx_word' id='word_1_53' title='bbox 557 1332 635 1390; x_wconf 89' lang='lat' dir='ltr'>diem</span> <span class='ocrx_word' id='word_1_54' title='bbox 647 1331 810 1406; x_wconf 87' lang='lat' dir='ltr'>condetque</span> <span class='ocrx_word' id='word_1_55' title='bbox 821 1330 942 1396; x_wconf 86' lang='lat' dir='ltr'>relatum,</span> 
     </span>
     <span class='ocr_line' id='line_1_10' title="bbox 176 1432 869 1504; baseline -0.003 -12"><span class='ocrx_word' id='word_1_56' title='bbox 176 1433 302 1492; x_wconf 88' lang='lat' dir='ltr'>Lucidns</span> <span class='ocrx_word' id='word_1_57' title='bbox 315 1433 391 1491; x_wconf 89' lang='lat' dir='ltr'>orbis</span> <span class='ocrx_word' id='word_1_58' title='bbox 402 1433 466 1504; x_wconf 88' lang='lat' dir='ltr'>erit,</span> <span class='ocrx_word' id='word_1_59' title='bbox 486 1433 587 1493; x_wconf 83' lang='lat' dir='ltr'>frustra</span> <span class='ocrx_word' id='word_1_60' title='bbox 600 1436 741 1493; x_wconf 86' lang='lat' dir='ltr'>terrebere</span> <span class='ocrx_word' id='word_1_61' title='bbox 753 1432 869 1500; x_wconf 84' lang='lat' dir='ltr'>nimbis,</span> 
     </span>
    </p>

    <p class='ocr_par' dir='ltr' id='par_1_4' title="bbox 178 1534 785 1612">
     <span class='ocr_line' id='line_1_11' title="bbox 178 1534 785 1612; baseline -0.003 -17"><span class='ocrx_word' id='word_1_62' title='bbox 178 1537 217 1595; x_wconf 82' lang='lat' dir='ltr'>Et</span> <span class='ocrx_word' id='word_1_63' title='bbox 229 1536 305 1594; x_wconf 87' lang='lat' dir='ltr'>claro</span> <span class='ocrx_word' id='word_1_64' title='bbox 319 1536 399 1594; x_wconf 79' lang='lat' dir='ltr'>srlvaa</span> <span class='ocrx_word' id='word_1_65' title='bbox 412 1555 509 1594; x_wconf 85' lang='lat' dir='ltr'>cernes</span> <span class='ocrx_word' id='word_1_66' title='bbox 522 1535 655 1612; x_wconf 88' lang='lat' dir='ltr'>aquilone</span> <span class='ocrx_word' id='word_1_67' title='bbox 667 1534 785 1594; x_wconf 86' lang='lat' dir='ltr'>moveri.</span> 
     </span>
    </p>

    <p class='ocr_par' dir='ltr' id='par_1_5' title="bbox 179 1637 963 2541">
     <span class='ocr_line' id='line_1_12' title="bbox 218 1637 959 1716; baseline -0.004 -19"><span class='ocrx_word' id='word_1_68' title='bbox 218 1638 361 1715; x_wconf 88' lang='lat' dir='ltr'>Denique,</span> <span class='ocrx_word' id='word_1_69' title='bbox 375 1640 445 1716; x_wconf 90' lang='lat' dir='ltr'>qnid</span> <span class='ocrx_word' id='word_1_70' title='bbox 457 1638 564 1716; x_wconf 77' lang='lat' dir='ltr'>Vesper</span> <span class='ocrx_word' id='word_1_71' title='bbox 576 1639 652 1698; x_wconf 89' lang='lat' dir='ltr'>serus</span> <span class='ocrx_word' id='word_1_72' title='bbox 661 1639 757 1708; x_wconf 81' lang='lat' dir='ltr'>vehat,</span> <span class='ocrx_word' id='word_1_73' title='bbox 774 1639 853 1698; x_wconf 91' lang='lat' dir='ltr'>uude</span> <span class='ocrx_word' id='word_1_74' title='bbox 865 1637 959 1695; x_wconf 68' lang='lat' dir='ltr'>serenat</span> 
     </span>
     <span class='ocr_line' id='line_1_13' title="bbox 179 1739 960 1819; baseline -0.006 -19"><span class='ocrx_word' id='word_1_75' title='bbox 179 1741 293 1801; x_wconf 84' lang='lat' dir='ltr'>Ventus</span> <span class='ocrx_word' id='word_1_76' title='bbox 311 1751 378 1819; x_wconf 83' lang='lat' dir='ltr'>ngat</span> <span class='ocrx_word' id='word_1_77' title='bbox 391 1745 489 1813; x_wconf 89' lang='lat' dir='ltr'>nubes,</span> <span class='ocrx_word' id='word_1_78' title='bbox 507 1742 582 1818; x_wconf 25' lang='lat' dir='ltr'>&lt;quid</span> <span class='ocrx_word' id='word_1_79' title='bbox 593 1742 702 1819; x_wconf 76' lang='lat' dir='ltr'>cogitet</span> <span class='ocrx_word' id='word_1_80' title='bbox 714 1741 851 1800; x_wconf 84' lang='lat' dir='ltr'>humidus</span> <span class='ocrx_word' id='word_1_81' title='bbox 863 1739 960 1804; x_wconf 74' lang='lat' dir='ltr'>Auster,</span> 
     </span>
     <span class='ocr_line' id='line_1_14' title="bbox 181 1842 911 1922; baseline -0.005 -18"><span class='ocrx_word' id='word_1_82' title='bbox 181 1846 228 1904; x_wconf 87' lang='lat' dir='ltr'>Sol</span> <span class='ocrx_word' id='word_1_83' title='bbox 242 1845 296 1902; x_wconf 89' lang='lat' dir='ltr'>tibi</span> <span class='ocrx_word' id='word_1_84' title='bbox 311 1846 389 1922; x_wconf 85' lang='lat' dir='ltr'>figua</span> <span class='ocrx_word' id='word_1_85' title='bbox 401 1845 494 1904; x_wconf 83' lang='lat' dir='ltr'>dabit:</span> <span class='ocrx_word' id='word_1_86' title='bbox 517 1845 611 1904; x_wconf 86' lang='lat' dir='ltr'>Solem</span> <span class='ocrx_word' id='word_1_87' title='bbox 624 1845 689 1920; x_wconf 85' lang='lat' dir='ltr'>quis</span> <span class='ocrx_word' id='word_1_88' title='bbox 700 1843 794 1902; x_wconf 88' lang='lat' dir='ltr'>dicere</span> <span class='ocrx_word' id='word_1_89' title='bbox 807 1842 911 1902; x_wconf 85' lang='lat' dir='ltr'>falsum</span> 
     </span>
     <span class='ocr_line' id='line_1_15' title="bbox 180 1946 855 2009; baseline -0.004 -3"><span class='ocrx_word' id='word_1_90' title='bbox 180 1949 311 2006; x_wconf 84' lang='lat' dir='ltr'>Audeat?</span> <span class='ocrx_word' id='word_1_91' title='bbox 333 1947 386 2006; x_wconf 90' lang='lat' dir='ltr'>Ille</span> <span class='ocrx_word' id='word_1_92' title='bbox 398 1947 487 2009; x_wconf 88' lang='lat' dir='ltr'>etiam</span> <span class='ocrx_word' id='word_1_93' title='bbox 498 1967 587 2007; x_wconf 70' lang='lat' dir='ltr'>cecos</span> <span class='ocrx_word' id='word_1_94' title='bbox 598 1947 700 2005; x_wconf 88' lang='lat' dir='ltr'>instare</span> <span class='ocrx_word' id='word_1_95' title='bbox 712 1946 855 2005; x_wconf 87' lang='lat' dir='ltr'>tumultus</span> 
     </span>
     <span class='ocr_line' id='line_1_16' title="bbox 182 2045 960 2129; baseline -0.004 -20"><span class='ocrx_word' id='word_1_96' title='bbox 182 2052 261 2129; x_wconf 67' lang='lat' dir='ltr'>sepe</span> <span class='ocrx_word' id='word_1_97' title='bbox 268 2060 375 2121; x_wconf 90' lang='lat' dir='ltr'>monet,</span> <span class='ocrx_word' id='word_1_98' title='bbox 386 2051 574 2129; x_wconf 78' lang='lat' dir='ltr'>fraudemque</span> <span class='ocrx_word' id='word_1_99' title='bbox 581 2062 611 2110; x_wconf 89' lang='lat' dir='ltr'>et</span> <span class='ocrx_word' id='word_1_100' title='bbox 617 2060 716 2129; x_wconf 88' lang='lat' dir='ltr'>operta</span> <span class='ocrx_word' id='word_1_101' title='bbox 726 2050 882 2109; x_wconf 86' lang='lat' dir='ltr'>tumescere</span> <span class='ocrx_word' id='word_1_102' title='bbox 888 2045 960 2106; x_wconf 77' lang='lat' dir='ltr'>bena.</span> 
     </span>
     <span class='ocr_line' id='line_1_17' title="bbox 182 2151 915 2221; baseline -0.003 -8"><span class='ocrx_word' id='word_1_103' title='bbox 182 2155 236 2213; x_wconf 89' lang='lat' dir='ltr'>Ille</span> <span class='ocrx_word' id='word_1_104' title='bbox 249 2154 338 2211; x_wconf 88' lang='lat' dir='ltr'>etiam</span> <span class='ocrx_word' id='word_1_105' title='bbox 351 2154 487 2212; x_wconf 72' lang='lat' dir='ltr'>exstinuo</span> <span class='ocrx_word' id='word_1_106' title='bbox 499 2153 647 2213; x_wconf 88' lang='lat' dir='ltr'>miseratus</span> <span class='ocrx_word' id='word_1_107' title='bbox 660 2151 771 2211; x_wconf 85' lang='lat' dir='ltr'>Caesare</span> <span class='ocrx_word' id='word_1_108' title='bbox 783 2154 903 2211; x_wconf 82' lang='lat' dir='ltr'>Romam</span> <span class='ocrx_word' id='word_1_109' title='bbox 907 2176 915 2221; x_wconf 78' lang='lat'>3</span> 
     </span>
     <span class='ocr_line' id='line_1_18' title="bbox 182 2254 920 2339; baseline -0.004 -24"><span class='ocrx_word' id='word_1_110' title='bbox 182 2257 286 2339; x_wconf 76' lang='lat' dir='ltr'>Ouum</span> <span class='ocrx_word' id='word_1_111' title='bbox 296 2260 383 2333; x_wconf 85' lang='lat' dir='ltr'>&#39;caput</span> <span class='ocrx_word' id='word_1_112' title='bbox 396 2256 514 2315; x_wconf 73' lang='lat' dir='ltr'>obscuri</span> <span class='ocrx_word' id='word_1_113' title='bbox 527 2256 651 2316; x_wconf 84' lang='lat' dir='ltr'>nitidum</span> <span class='ocrx_word' id='word_1_114' title='bbox 665 2255 812 2333; x_wconf 79' lang='lat' dir='ltr'>ferrugine</span> <span class='ocrx_word' id='word_1_115' title='bbox 825 2254 920 2324; x_wconf 85' lang='lat' dir='ltr'>tinxit,</span> 
     </span>
     <span class='ocr_line' id='line_1_19' title="bbox 182 2358 889 2437; baseline -0.003 -19"><span class='ocrx_word' id='word_1_116' title='bbox 182 2359 323 2437; x_wconf 84' lang='lat' dir='ltr'>Inpiaque</span> <span class='ocrx_word' id='word_1_117' title='bbox 335 2371 471 2417; x_wconf 86' lang='lat' dir='ltr'>aeternam</span> <span class='ocrx_word' id='word_1_118' title='bbox 483 2359 643 2418; x_wconf 84' lang='lat' dir='ltr'>timuerunt</span> <span class='ocrx_word' id='word_1_119' title='bbox 655 2358 755 2417; x_wconf 83' lang='lat' dir='ltr'>saeculn</span> <span class='ocrx_word' id='word_1_120' title='bbox 767 2360 889 2418; x_wconf 63' lang='lat' dir='ltr'>nostem.</span> 
     </span>
     <span class='ocr_line' id='line_1_20' title="bbox 182 2462 963 2541; baseline -0.01 -20"><span class='ocrx_word' id='word_1_121' title='bbox 182 2462 325 2541; x_wconf 89' lang='lat' dir='ltr'>Tempore</span> <span class='ocrx_word' id='word_1_122' title='bbox 338 2480 512 2540; x_wconf 88' lang='lat' dir='ltr'>quamquam</span> <span class='ocrx_word' id='word_1_123' title='bbox 524 2462 577 2519; x_wconf 89' lang='lat' dir='ltr'>illo</span> <span class='ocrx_word' id='word_1_124' title='bbox 590 2463 674 2523; x_wconf 84' lang='lat' dir='ltr'>tellus</span> <span class='ocrx_word' id='word_1_125' title='bbox 686 2481 810 2538; x_wconf 88' lang='lat' dir='ltr'>qnoque,</span> <span class='ocrx_word' id='word_1_126' title='bbox 823 2471 854 2520; x_wconf 87' lang='lat' dir='ltr'>et</span> <span class='ocrx_word' id='word_1_127' title='bbox 866 2465 963 2536; x_wconf 67' lang='lat' dir='ltr'>aequori</span> 
     </span>
    </p>

    <p class='ocr_par' dir='ltr' id='par_1_6' title="bbox 163 2566 964 3053">
     <span class='ocr_line' id='line_1_21' title="bbox 163 2566 352 2643; baseline -0.005 -19"><span class='ocrx_word' id='word_1_128' title='bbox 163 2618 165 2624; x_wconf 93' lang='lat'><em>.</em></span> <span class='ocrx_word' id='word_1_129' title='bbox 260 2566 352 2643; x_wconf 85' lang='lat' dir='ltr'>ponti,</span> 
     </span>
     <span class='ocr_line' id='line_1_22' title="bbox 184 2666 861 2744; baseline 0 -18"><span class='ocrx_word' id='word_1_130' title='bbox 184 2667 367 2743; x_wconf 79' lang='lat' dir='ltr'>obscenique</span> <span class='ocrx_word' id='word_1_131' title='bbox 379 2686 471 2739; x_wconf 83' lang='lat' dir='ltr'>canes,</span> <span class='ocrx_word' id='word_1_132' title='bbox 491 2666 710 2744; x_wconf 72' lang='lat' dir='ltr'>inportunaeque</span> <span class='ocrx_word' id='word_1_133' title='bbox 722 2668 861 2737; x_wconf 85' lang='lat' dir='ltr'>volucres,</span> 
     </span>
     <span class='ocr_line' id='line_1_23' title="bbox 186 2769 964 2848; baseline -0.005 -18"><span class='ocrx_word' id='word_1_134' title='bbox 186 2772 273 2848; x_wconf 83' lang='lat' dir='ltr'>Signa</span> <span class='ocrx_word' id='word_1_135' title='bbox 282 2773 398 2830; x_wconf 88' lang='lat' dir='ltr'>dabant.</span> <span class='ocrx_word' id='word_1_136' title='bbox 420 2770 543 2828; x_wconf 75' lang='lat' dir='ltr'>Quoties</span> <span class='ocrx_word' id='word_1_137' title='bbox 551 2769 964 2848; x_wconf 65' lang='lat' dir='ltr'>Cyclopumeffervereinagroe</span> 
     </span>
     <span class='ocr_line' id='line_1_24' title="bbox 185 2873 937 2950; baseline -0.003 -17"><span class='ocrx_word' id='word_1_138' title='bbox 185 2876 328 2945; x_wconf 78' lang='lat' dir='ltr'>Vidimus,</span> <span class='ocrx_word' id='word_1_139' title='bbox 346 2876 505 2933; x_wconf 85' lang='lat' dir='ltr'>undantem</span> <span class='ocrx_word' id='word_1_140' title='bbox 518 2873 609 2950; x_wconf 88' lang='lat' dir='ltr'>ruptis</span> <span class='ocrx_word' id='word_1_141' title='bbox 622 2873 793 2943; x_wconf 83' lang='lat' dir='ltr'>fornacibus,</span> <span class='ocrx_word' id='word_1_142' title='bbox 811 2874 937 2938; x_wconf 81' lang='lat' dir='ltr'>AEtuam,</span> 
     </span>
     <span class='ocr_line' id='line_1_25' title="bbox 186 2962 963 3053; baseline -0.006 -16"><span class='ocrx_word' id='word_1_143' title='bbox 186 2979 435 3053; x_wconf 82' lang='lat' dir='ltr'>Flammarumqne</span> <span class='ocrx_word' id='word_1_144' title='bbox 448 2977 547 3053; x_wconf 84' lang='lat' dir='ltr'>globos</span> <span class='ocrx_word' id='word_1_145' title='bbox 557 2976 767 3051; x_wconf 64' lang='lat' dir='ltr'>liquefactaque</span> <span class='ocrx_word' id='word_1_146' title='bbox 776 2962 963 3035; x_wconf 76' lang='lat' dir='ltr'>volveresmi</span> 
     </span>
    </p>
   </div>
   <div class='ocr_carea' id='block_1_4' title="bbox 95 3079 810 3140">
    <p class='ocr_par' dir='ltr' id='par_1_7' title="bbox 95 3079 810 3140">
     <span class='ocr_line' id='line_1_26' title="bbox 95 3079 810 3140; baseline -0.006 0"><span class='ocrx_word' id='word_1_147' title='bbox 95 3097 101 3114; x_wconf 74' lang='lat'>⁶</span> <span class='ocrx_word' id='word_1_148' title='bbox 186 3085 343 3140; x_wconf 87' lang='lat' dir='ltr'>Armorum</span> <span class='ocrx_word' id='word_1_149' title='bbox 356 3080 482 3140; x_wconf 91' lang='lat' dir='ltr'>sonitum</span> <span class='ocrx_word' id='word_1_150' title='bbox 495 3088 557 3137; x_wconf 87' lang='lat' dir='ltr'>toto</span> <span class='ocrx_word' id='word_1_151' title='bbox 569 3079 724 3137; x_wconf 83' lang='lat' dir='ltr'>Germania</span> <span class='ocrx_word' id='word_1_152' title='bbox 736 3079 810 3137; x_wconf 87' lang='lat' dir='ltr'>ooelo</span> 
     </span>
    </p>
   </div>
   <div class='ocr_carea' id='block_1_5' title="bbox 181 3183 909 3479">
    <p class='ocr_par' dir='ltr' id='par_1_8' title="bbox 181 3183 909 3479">
     <span class='ocr_line' id='line_1_27' title="bbox 188 3183 909 3261; baseline -0.01 -14"><span class='ocrx_word' id='word_1_153' title='bbox 188 3184 307 3255; x_wconf 79' lang='lat' dir='ltr'>Audiit3</span> <span class='ocrx_word' id='word_1_154' title='bbox 328 3183 449 3243; x_wconf 84' lang='lat' dir='ltr'>insolitis</span> <span class='ocrx_word' id='word_1_155' title='bbox 462 3191 642 3241; x_wconf 83' lang='lat' dir='ltr'>tremuemnt</span> <span class='ocrx_word' id='word_1_156' title='bbox 652 3184 801 3243; x_wconf 79' lang='lat' dir='ltr'>montibus</span> <span class='ocrx_word' id='word_1_157' title='bbox 813 3184 909 3261; x_wconf 67' lang='lat' dir='ltr'>Alpem</span> 
     </span>
     <span class='ocr_line' id='line_1_28' title="bbox 188 3286 899 3364; baseline -0.001 -18"><span class='ocrx_word' id='word_1_158' title='bbox 188 3287 255 3352; x_wconf 73' lang='lat' dir='ltr'>Vos</span> <span class='ocrx_word' id='word_1_159' title='bbox 268 3300 381 3363; x_wconf 87' lang='lat' dir='ltr'>quoque</span> <span class='ocrx_word' id='word_1_160' title='bbox 394 3306 443 3364; x_wconf 92' lang='lat' dir='ltr'>per</span> <span class='ocrx_word' id='word_1_161' title='bbox 455 3286 534 3345; x_wconf 78' lang='lat' dir='ltr'>lucos</span> <span class='ocrx_word' id='word_1_162' title='bbox 545 3286 632 3363; x_wconf 79' lang='lat' dir='ltr'>volgo</span> <span class='ocrx_word' id='word_1_163' title='bbox 644 3286 780 3344; x_wconf 79' lang='lat' dir='ltr'>exaudita</span> <span class='ocrx_word' id='word_1_164' title='bbox 792 3286 899 3345; x_wconf 70' lang='lat' dir='ltr'>filontio</span> 
     </span>
     <span class='ocr_line' id='line_1_29' title="bbox 181 3389 894 3479; baseline -0.004 -28"><span class='ocrx_word' id='word_1_165' title='bbox 181 3390 309 3479; x_wconf 62' lang='lat' dir='ltr'>lugeam</span> <span class='ocrx_word' id='word_1_166' title='bbox 330 3400 360 3454; x_wconf 85' lang='lat' dir='ltr'>et</span> <span class='ocrx_word' id='word_1_167' title='bbox 372 3390 534 3466; x_wconf 80' lang='lat' dir='ltr'>smsulacm,</span> <span class='ocrx_word' id='word_1_168' title='bbox 553 3390 649 3450; x_wconf 72' lang='lat' dir='ltr'>mob’n</span> <span class='ocrx_word' id='word_1_169' title='bbox 657 3389 894 3469; x_wconf 72' lang='lat' dir='ltr'>poiienssamitis.</span> 
     </span>
    </p>
   </div>
   <div class='ocr_carea' id='block_1_6' title="bbox 0 0 1158 4050">
    <p class='ocr_par' dir='ltr' id='par_1_9' title="bbox 0 0 1158 4050">
     <span class='ocr_line' id='line_1_30' title="bbox 0 0 1158 4050; baseline 0 0"><span class='ocrx_word' id='word_1_170' title='bbox 0 0 1158 4050; x_wconf 95' lang='lat' dir='ltr'> </span> 
     </span>
    </p>
   </div>
  </div>
 </body>
</html>
