2250 4050
129 456 237 515 vara:
375 444 380 451 ’
435 456 535 517 Lls.
575 454 639 517 111.¹
892 468 934 534 99

135 609 243 689 Dejice:
261 611 383 690 jamque
395 614 466 693 sug&
478 617 616 676 timidum
628 623 713 692 caput
726 613 839 687 abdidit
850 614 919 687 alte,

136 714 231 774 Quum
244 716 337 775 medii
350 736 441 776 nexus
452 729 646 796 extremaeque
659 718 776 795 agmina
789 719 888 777 caudae

140 815 293 890 Solvuntur,
314 821 468 897 tardosque
481 823 571 880 trabit
584 821 659 880 finus
672 821 793 880 ultimus
805 821 891 880 orbis.

142 917 177 977 ba
188 921 278 980 etiam
291 921 341 980 ille
354 924 447 982 malus
460 925 590 983 Calabris
603 925 634 983 in
648 924 765 984 saltibus
778 925 891 1001 anguis,

144 1021 268 1098 Squamea
281 1027 453 1085 convolvens
466 1027 578 1113 sublato
589 1028 703 1106 pedore
715 1038 805 1104 terga,
931 1106 935 1115 1

144 1125 225 1202 Atque
237 1128 315 1186 notis
328 1129 447 1206 longam
460 1131 619 1190 maculosus
634 1130 790 1207 grandibus
802 1130 915 1188 alvums

146 1225 202 1299 (lui,
213 1231 285 1289 dum
297 1251 397 1290 amnes
409 1232 460 1291 ulli
476 1242 649 1310 rumpuntur
660 1232 798 1302 sontibus,
818 1243 848 1292 et
859 1234 931 1294 dum

145 1327 204 1391 Vere
215 1336 333 1395 madent
345 1337 404 1394 udo
416 1347 499 1395 terras
511 1356 545 1395 ac
556 1337 731 1414 pluvialibus
744 1336 853 1404 austris,

146 1430 233 1512 Stagna
244 1438 326 1508 colit,
340 1438 466 1516 ripisque
479 1439 623 1510 habitans,
638 1439 688 1497 bie
700 1438 823 1516 piscibus
837 1448 930 1500 atram

89 1514 91 1551 Ι
146 1531 265 1613 Inprobus
279 1540 439 1618 ingluviem
451 1543 585 1619 ranisque
597 1543 764 1619 loquacibus
776 1543 886 1620 explet.

147 1636 275 1720 Postquam
289 1647 387 1705 exusta
400 1647 490 1725 palus,
503 1659 643 1724 terrmque
654 1649 753 1706 ardore
765 1647 929 1718 dehiscunt,

147 1739 226 1806 Exsilit
238 1750 271 1808 in
285 1750 391 1810 siccum
396 1776 404 1823 ;
420 1761 459 1822 et,
472 1752 651 1810 flammantia
661 1752 770 1810 lumina
784 1762 929 1827 torquens,

99 1832 102 1837 ¹
148 1843 215 1909 tavit
225 1854 312 1931 agrls,
332 1854 469 1932 asperque
483 1855 539 1926 fiti,
559 1865 648 1932 atque
661 1855 814 1912 exterritus
826 1854 906 1913 aestu.

146 1943 182 2008 Ne
192 1956 261 2014 mihi
275 1967 339 2016 tum
352 1958 447 2016 mollis
460 1958 513 2017 sub
525 1958 593 2016 diro
605 1976 720 2037 carpere
732 1956 854 2029 somnos,

146 2046 198 2114 Neu
209 2061 289 2119 dorso
301 2061 426 2119 nemoris
439 2062 528 2120 libeat
536 2060 654 2139 jacuisse
667 2080 719 2139 per
732 2061 844 2134 herbas,

146 2152 238 2232 Quum,
256 2164 355 2241 positis
368 2183 457 2223 novus
470 2166 591 2235 exuviis,
607 2165 773 2241 nitidusque
781 2163 914 2243 juventi,

144 2250 269 2338 Volvitur,
290 2278 343 2325 aut
354 2267 462 2326 catulos
476 2268 558 2327 testis
571 2279 622 2326 aut
634 2288 688 2327 ova
700 2270 875 2346 relinquens,

142 2357 241 2428 Arduus
254 2370 291 2428 ad
305 2370 402 2441 solem,
422 2381 452 2429 et
464 2371 572 2449 linguis
585 2372 674 2430 micat
686 2391 735 2430 ora
750 2371 883 2432 trisulcis.

172 2468 334 2531 Morborum
346 2492 460 2550 quoque
474 2483 502 2532 te
514 2475 619 2533 caussas
632 2484 661 2532 et
675 2475 754 2552 signa
767 2476 886 2536 docebo.

142 2558 229 2650 Turpis
241 2576 301 2635 ovis
315 2585 407 2634 tentat
420 2576 536 2646 scabies,
556 2577 608 2635 ubi
621 2577 743 2654 frigidus
755 2576 850 2636 imber

143 2666 223 2736 Altius
234 2680 270 2738 ad
283 2679 382 2738 vivum
394 2679 526 2757 persedit,
546 2690 577 2738 et
589 2680 704 2738 horrida
719 2699 792 2740 cano

143 2764 230 2841 Brmna
242 2784 326 2860 gelu5
347 2782 404 2853 vel,
417 2802 507 2860 quum
522 2784 608 2841 tousrs
620 2783 729 2841 inlotus
741 2782 859 2842 adhaesrt

145 2868 224 2953 Sudor,
243 2895 272 2944 et
283 2886 386 2944 hirsuti
400 2886 551 2945 secuerunt
563 2905 681 2964 corpora
694 2905 802 2963 vepres.

146 2969 265 3047 Dulcibus
277 2989 387 3047 idcirco
400 2988 495 3047 fluviis
508 3009 595 3067 pecus
609 3009 695 3048 omne
708 2989 835 3066 magistri

146 3072 312 3162 Perbndunt,
330 3090 454 3168 udisque
467 3091 539 3150 aries
553 3093 583 3149 in
595 3092 712 3170 gurgite
726 3092 803 3150 villis

146 3172 275 3264 Mersatur,
295 3194 451 3271 missusque
465 3195 588 3253 secundo
602 3194 706 3252 defluit
719 3195 814 3253 amni:

147 3280 312 3357 Antonium
326 3298 396 3356 tristi
410 3299 585 3377 contingunt
598 3319 700 3380 corpus
713 3302 842 3374 amurci,

145 3377 277 3469 lipom
284 3400 409 3459 miscent
418 3404 545 3481 argenti,
562 3405 693 3490 vivaque
705 3409 839 3484 sullura,
