2250 4050
165 439 246 505 m'de.
461 446 622 507 c1u1s.
883 447 939 503 1⁵³

167 594 342 665 Sdmediaex
351 602 425 674 acie,
440 603 542 662 mediis
554 622 592 662 ex
605 601 741 661 hostibus.
762 597 845 659 Heu!
866 597 940 658 heu!

169 698 343 764 Quiddioem?
365 724 460 781 quove
470 706 532 782 ipsa
541 705 653 763 malum
665 703 722 762 hoc
732 701 865 760 exordiar
874 702 941 760 ore?

168 796 243 864 Dicam
253 807 403 884 equidem:
426 807 565 884 quoniam
576 807 647 885 quid
660 817 694 864 tu
707 804 761 864 tibi
771 805 875 878 dicere,
887 822 942 864 nu·

216 908 283 981 :ttix,
381 962 385 969 .

168 1001 215 1068 Non
224 1012 298 1085 finis;
313 1021 478 1072 extremum
489 1014 544 1072 hoc
552 1030 658 1074 munus
667 1010 816 1071 morientis
826 1010 942 1069 hebeto.

167 1103 210 1182 file,
220 1114 302 1185 rides,
322 1115 424 1174 nostrie
437 1115 488 1192 qui
500 1115 645 1174 moenibue
658 1114 764 1173 adfidet
777 1112 873 1183 hostis,

167 1207 240 1274 Quem
248 1226 328 1295 pater
339 1217 402 1294 ipse
414 1218 501 1276 deum
513 1218 618 1295 sceptri
630 1217 749 1275 donavit
761 1215 879 1287 honore,
935 1218 938 1223 ⁴

166 1309 206 1372 Cui
215 1320 302 1379 Pereae
314 1321 440 1379 tribuere
452 1339 508 1379 nee
518 1321 580 1378 ullo
592 1319 707 1378 voluere
719 1319 803 1376 laedi:

166 1409 301 1481 Dicendum
315 1422 364 1492 est,
384 1423 486 1481 frustra
498 1422 698 1481 circumvehor
710 1421 806 1480 omnia
819 1421 921 1491 verh‘e,

165 1510 204 1576 1110
211 1541 278 1596 me,
295 1525 348 1584 ine
358 1523 438 1583 idem
450 1535 601 1603 oppugnat
611 1524 767 1602 precordia
780 1523 889 1582 uino..

167 1616 232 1683 Quod
243 1636 270 1686 te
281 1646 334 1705 per
346 1627 448 1686 divdm
459 1630 572 1686 crebros
583 1627 707 1685 obtestor
719 1606 844 1697 amores,

166 1716 247 1805 Perque
259 1740 343 1790 tuum
355 1730 490 1790 memorie
503 1731 636 1790 haustum
648 1731 720 1789 mihi
738 1731 837 1807 pedus
849 1729 942 1790 alum-

222 1852 272 1904 nae,

165 1920 196 1985 Ut
204 1952 253 2007 me,
270 1937 292 1995 fi
305 1936 415 1995 servare
427 1944 517 2013 potes,
537 1954 575 1994 ne
587 1936 706 2012 perdere
718 1935 811 1994 malie.

164 2025 200 2091 Sin
208 2050 300 2099 autem
312 2049 418 2117 uptatae
430 2040 492 2117 spes
504 2040 545 2098 est
556 2039 646 2098 ineisa
658 2039 756 2098 salutis
761 2064 771 2112 ς

163 2128 278 2215 Nemihi,
286 2163 376 2220 quam
382 2143 485 2215 merui,
494 2142 631 2213 invium,
642 2143 796 2213 nummu,
807 2149 939 2202 mortem.

163 2231 222 2304 Nam
232 2246 283 2305 nifi
297 2257 327 2306 te
337 2246 420 2305 nobis
431 2246 534 2317 malus,
545 2246 577 2303 0!
592 2246 693 2316 malus,
706 2246 815 2324 optima
826 2243 941 2318 Germe,

163 2338 223 2406 Ante
233 2350 310 2409 hunc
323 2349 507 2426 conspestum
520 2348 645 2417 casusve,
666 2349 780 2418 deusve,
800 2348 930 2420 tulisset,

165 2442 208 2507 Aut
218 2454 288 2513 ferro
302 2453 359 2512 hoc
373 2452 479 2530 (aperit
492 2454 600 2510 fenum
613 2454 691 2529 quod
703 2454 778 2511 veste
790 2452 912 2528 latebat)

165 2540 316 2631 p“spurcum
328 2555 417 2634 patrie
430 2554 588 2613 demfiffem
599 2555 708 2612 vertice
720 2553 839 2627 crinem,

164 2645 209 2713 Aut
218 2659 288 2718 mihi
300 2657 434 2737 praesenti
446 2656 614 2735 peperiffem
626 2658 742 2715 volnere
755 2658 857 2717 letum.

190 2753 239 2819 Vix
249 2762 312 2820 haec
324 2761 462 2829 ediderat,
481 2778 558 2827 cum,
579 2759 660 2818 clade
672 2760 808 2818 exterrita
821 2760 903 2832 tristi,

163 2844 269 2923 1”tonsos
281 2863 376 2922 multo
386 2864 519 2937 deturpat
530 2861 647 2938 pulvere
660 2862 755 2933 crinis,

163 2946 191 3011 Et
200 2966 313 3039 graviter
326 2964 428 3042 questu
440 2966 543 3022 Canue
557 2964 706 3041 conploret
718 2966 803 3023 anili:

163 3049 253 3125 Omihi
266 3066 462 3127 nunciterum
475 3065 718 3125 cmueluredute
732 3068 844 3127 Minos!
935 3077 937 3082 ·

164 3150 287 3230 Oiterum
298 3168 399 3228 nostrae
412 3167 510 3226 Minos
521 3167 642 3227 inimice
654 3169 787 3228 senedael

164 3251 257 3346 seuper
268 3281 308 3343 et,
327 3281 380 3331 aut
391 3270 463 3330 olim
477 3279 553 3342 nata,
574 3290 592 3328 ο
606 3279 635 3329 te
647 3281 764 3349 propter
775 3275 909 3349 eundem,

164 3354 211 3426 ⁸¹11
221 3392 294 3434 amor
305 3374 414 3434 insunae
425 3372 536 3432 ludum
547 3374 673 3452 portavit
684 3375 821 3435 alumne!
925 3413 935 3428 .-
