2250 4050
170 455 230 507 210
412 446 692 519 AENEIDOS,
863 442 952 504 noer

170 603 336 673 Bawatum,
347 609 377 660 et
388 603 533 680 duplicem
544 604 670 681 gemmis
680 622 809 680 auroque
819 618 951 661 eoronam.

171 706 245 763 Haec
256 705 392 773 celerans,
412 705 468 764 iter
480 707 516 764 ad
534 707 615 765 navis
628 708 770 764 tendebat
782 705 913 764 Achata.

211 810 255 866 At
268 808 413 884 Cytherea
425 827 513 867 novae
525 809 604 878 artis,
625 829 701 867 nova
713 809 829 886 pedore
840 806 924 865 versat

174 909 316 968 Contilia:
338 920 381 979 ut,
401 911 507 969 faciem
519 921 649 969 mutatus
661 922 693 969 et
704 931 766 981 ora,
787 910 897 988 Cupido

173 1016 228 1073 Pro
241 1013 320 1071 dulci
333 1012 460 1072 Ascanio
471 1015 579 1085 veniat,
598 1015 739 1091 donisque
752 1016 894 1073 furentem

174 1116 315 1175 Incendat
327 1115 468 1192 reginam,
487 1128 574 1192 atque
587 1118 692 1175 offibus
709 1117 832 1194 inplicet
843 1116 939 1192 ignum

174 1217 293 1294 Quippe
301 1218 421 1276 domum
433 1218 518 1276 timet
531 1219 709 1297 ambiguam,
716 1219 877 1296 Tyriosque
886 1210 951 1274 bilin·

254 1339 328 1396 gau·
651 1328 658 1341 .

175 1423 245 1482 Urit
257 1434 340 1481 atrox
353 1425 439 1501 Juno,
459 1432 489 1482 et
503 1422 556 1483 sub
569 1425 684 1483 noetem
696 1445 766 1484 cura
779 1423 903 1484 recursat.

175 1528 254 1604 Ergo
268 1526 313 1583 his
325 1526 467 1603 aligerum
480 1527 564 1584 dietis
576 1528 692 1585 adfatur
703 1531 858 1587 Amorem:

176 1629 265 1697 Nate,
285 1647 358 1686 meae
370 1628 453 1698 vires,
473 1648 537 1686 mea
550 1648 656 1706 magna
669 1632 800 1707 potentia
808 1656 818 1704 5
839 1630 909 1695 solus,

176 1730 265 1801 Nate,
285 1730 374 1808 patris
386 1731 492 1788 summi
505 1731 556 1807 qui
571 1732 628 1790 tela
640 1733 778 1810 Typhoia
793 1731 899 1799 temnin

177 1833 228 1892 Ad
240 1844 270 1891 te
283 1833 430 1910 confugio,
450 1844 481 1891 et
493 1832 614 1911 supplex
627 1843 677 1893 tua
690 1835 812 1893 numina
825 1833 905 1912 posco.
948 1858 952 1866 ·

177 1937 277 1996 Frater
289 1945 323 1993 nt
335 1936 447 1994 AEneas
459 1936 561 2011 pelago
575 1947 651 2007 tuus,
671 1937 771 1995 omnia
784 1938 886 1996 circum

178 2042 288 2108 Litora,
304 2039 437 2117 jactetur,
457 2039 531 2097 odiis
542 2039 665 2116 Junonia
677 2030 799 2117 iniquae,

178 2144 257 2203 Nota
272 2142 341 2213 tibi,
367 2151 398 2199 et
410 2141 503 2199 nostro
516 2141 631 2199 doluisti
644 2142 719 2219 saepe
732 2143 838 2202 dolore.

178 2247 268 2304 Nunc
281 2244 421 2303 Phoenissa
435 2253 515 2301 tenet
528 2243 616 2313 Dido,
636 2245 809 2323 blandisque
820 2245 925 2303 mutatui

178 2349 319 2407 Vocibus:
342 2358 372 2406 et
384 2366 491 2416 vereor,
511 2363 569 2422 quo
582 2345 612 2405 se
625 2348 752 2424 Junonia
765 2357 874 2407 vertant

178 2451 325 2528 Hospitia:
348 2450 426 2508 haud
438 2460 520 2508 tanto
532 2449 650 2507 ceffabit
661 2451 778 2510 cardine
792 2467 888 2509 remur·

181 2554 326 2612 Quocirca
339 2572 440 2627 capere
453 2562 519 2610 ante
533 2552 615 2622 dolis,
637 2562 667 2610 et
679 2553 798 2630 cingere
809 2544 915 2611 flammi,

179 2658 321 2735 Reginam
334 2658 473 2726 meditor,
496 2674 604 2731 nequo
617 2655 646 2713 se
658 2657 780 2717 numine
793 2664 890 2716 mutet:

180 2762 235 2819 Sed
247 2779 353 2836 magno
367 2760 470 2817 AEneae
482 2777 597 2816 mecum
611 2767 745 2817 teneatur
757 2778 861 2818 amore.
947 2763 950 2768 '

180 2864 250 2922 Qua
261 2865 353 2921 facere
363 2862 394 2919 id
404 2860 496 2936 poffis,
505 2860 629 2918 nostram
637 2880 715 2919 nunc
725 2862 827 2939 adcipe
834 2859 944 2920 menttffli

181 2966 299 3043 Regius,
319 2964 417 3023 adeitu
430 2962 488 3020 cari
502 2962 649 3038 genitoris,
668 2963 706 3020 ad
718 2966 820 3021 urbem

180 3069 327 3128 Sidoniam
340 3085 412 3144 puer
425 3068 466 3123 ire
479 3074 569 3141 parat,
589 3083 653 3122 mea
666 3065 795 3124 maxima
808 3083 879 3130 cura,

180 3172 265 3231 Dona
278 3172 380 3239 ferens,
400 3169 546 3245 pelagoet
559 3167 684 3226 flammis
697 3170 830 3229 restantia
840 3161 927 3241 Trojm

181 3275 270 3332 Hunc
283 3292 338 3349 ego
351 3272 476 3348 sopitum
487 3272 596 3339 somno,
616 3272 702 3348 super
713 3273 770 3331 alta
783 3272 904 3349 Cythera,

181 3377 245 3436 Aut
257 3374 339 3454 super
351 3372 484 3446 Idalium,
505 3372 614 3431 sacrata
626 3373 692 3432 sede
704 3376 867 3447 recondatur
947 3387 951 3398 ’
