2250 4050
141 461 175 503 .v.
187 444 256 506 681.
471 448 570 509 LIB.
607 446 633 507 1.
896 453 951 504 211

150 598 198 658 Ne
210 601 269 677 qud
283 601 456 675 scire'doloa,·
474 606 621 665 mediusve
634 606 782 663 occurrere
794 601 885 681 potiit.

149 701 195 760 Tu
207 704 314 764 faciem
324 705 412 777 illius,
426 708 539 767 noctem
551 727 610 766 non
623 706 746 784 amplius
758 724 856 775 unam,

154 800 226 893 Falle
238 808 306 866 dolo
312 833 322 880 ς
347 818 378 867 et
390 818 472 868 notor
484 811 567 887 pueri
578 829 650 887 puer
661 809 750 867 indue
762 808 872 866 vultum

155 902 201 976 Ut,
221 928 313 985 quum
327 921 356 969 te
370 912 481 989 gremio
493 912 618 990 adcipiet
629 909 769 969 laetiffima
782 909 870 979 Dido,

163 1005 267 1088 Regalis
278 1013 357 1072 inter
369 1014 479 1073 mensas
490 1015 666 1090 laticemque
679 1014 808 1090 Lyaeum,

161 1109 251 1171 Quum
264 1115 346 1172 dabit
358 1115 507 1193 amplexus
519 1125 607 1192 atque
621 1115 716 1174 oscula
729 1112 825 1172 dulcia
839 1113 919 1191 figet,

162 1208 306 1274 Occultum
318 1217 438 1296 inspirer
449 1219 560 1296 ignem,
580 1218 721 1294 fallasque
734 1234 854 1275 veneno.

161 1308 231 1374 Paret
242 1319 336 1377 Amor
348 1320 432 1379 diffie
445 1339 516 1378 carae
530 1320 692 1397 genetricis,
712 1329 743 1378 et
755 1319 815 1376 alar

158 1408 246 1489 Exuit,
264 1430 296 1478 et
307 1422 401 1499 gressu
413 1424 541 1499 gaudens
552 1423 663 1481 incedit
676 1421 743 1481 Iuli.

191 1520 332 1582 AtVenus
339 1523 466 1582 Ascanio
472 1525 616 1601 placidam
622 1543 674 1601 per
685 1525 814 1582 membra
822 1522 947 1599 quietem

153 1609 265 1699 Inrigat,
287 1635 317 1685 et
330 1626 426 1685 fotum
437 1627 547 1704 gremio
560 1628 614 1685 dea
627 1627 704 1686 tollit
716 1626 748 1685 in
761 1627 834 1685 altos

150 1709 244 1784 Idaliae
257 1728 350 1801 luoos3
371 1729 423 1787 ubi
436 1730 532 1788 mollis
543 1748 690 1788 amaracus
707 1730 793 1788 illum
866 1729 869 1734 ’

89 1846 91 1851 ·
149 1809 275 1887 Floribus
287 1838 317 1889 et
329 1831 409 1889 dulci
420 1831 565 1909 adspirans
578 1833 767 1910 conplectitur
779 1834 890 1891 umbri.

89 1940 91 2009 ξ
148 1912 268 2006 Jamque
280 1934 350 2004 ibat,
371 1934 449 1992 dicto
461 1954 572 2012 parens,
592 1944 623 1993 et
635 1937 710 1994 dona
723 1935 839 2012 Cupido

146 2010 238 2109 Regia
249 2039 381 2113 portabat
393 2038 499 2115 Tyriis,
519 2040 592 2097 duce
604 2039 686 2097 laetus
699 2038 822 2097 Achate.

89 2163 92 2168 ·
147 2116 253 2195 Quum·
261 2140 350 2208 venit,
371 2140 468 2198 aulaeis
477 2140 540 2217 jam
552 2141 581 2199 se
593 2142 692 2218 regina
706 2141 833 2218 superbie

89 2181 94 2296 i
143 2220 244 2297 Aurea
255 2243 405 2319 conposuit
418 2245 534 2320 spondi,
553 2246 738 2321 mediamque
750 2245 866 2304 locavit.

186 2341 249 2416 Jam
260 2356 342 2421 pater
354 2347 473 2416 AEneas,
493 2356 524 2405 et
533 2345 595 2423 jam
607 2346 731 2425 Trojana
740 2346 878 2423 juventus
919 2353 934 2400 '.

142 2422 338 2517 Conveniunt,
358 2448 500 2525 stratoque
513 2448 598 2526 super
609 2449 800 2507 discumbitur
814 2450 896 2509 ostro.
925 2452 933 2458 ”

142 2520 226 2607 Dant
244 2551 347 2609 famuli
365 2552 498 2610 manibus
518 2552 659 2629 lymphae,
686 2554 879 2632 Cereremque
896 2572 943 2612 ca·

222 2653 313 2711 nistris
874 2655 877 2660 ’
930 2656 932 2660 ’

142 2724 317 2829 Expediunt,
337 2756 480 2834 tonsisque
493 2758 591 2816 ferunt
602 2759 740 2817 mantelia
753 2757 847 2820 villis.¹

142 2833 366 2936 Quinquaginta
378 2859 456 2917 intus
470 2859 601 2930 famulam
624 2862 727 2937 quibus
740 2863 840 2921 ordine
852 2862 943 2939 longo

142 2935 220 3017 eura
231 2979 339 3037 penum
351 2961 465 3031 struere,
484 2972 514 3020 et
528 2963 653 3021 dammis
666 2965 779 3023 adolere
793 2968 927 3024 Penates:

142 3038 268 3121 Centum
280 3064 354 3132 aliae,
373 3064 550 3140 totidemque
562 3084 643 3142 parm
656 3074 741 3124 aetate
754 3068 886 3138 ministri,

142 3142 206 3219 Qui
217 3165 337 3242 dapibus
350 3165 461 3224 mensas
475 3176 605 3237 onerant,
625 3166 655 3226 et
666 3170 770 3245 pocula
781 3179 907 3246 ponunt.

141 3238 206 3325 Nec
216 3288 272 3327 non
285 3278 317 3328 et
326 3270 411 3347 Tyrii
422 3289 474 3347 per
485 3270 588 3328 limina
599 3271 664 3329 iaeta
676 3273 840 3348 frequentes

141 3346 316 3446 e(tuventaro,
337 3372 405 3430 toris
412 3369 478 3447 justi
489 3372 668 3431 discumbere
680 3374 774 3452 pictis.
