2250 4050
380 453 678 515 ecroenrs
786 410 790 417 ¹
912 482 930 511 υ

382 840 680 914 ueroenrr

445 1057 621 1109 ALEXIS.

128 1230 315 1289 Formosum
328 1234 420 1309 pastor
433 1236 569 1312 Corydon
582 1236 700 1294 ardebat
711 1231 828 1300 Alexin,

130 1335 264 1392 Delicias
277 1336 401 1393 domini:
415 1356 486 1405 nee,
500 1339 577 1412 quod
590 1337 722 1414 speraret,
742 1335 874 1393 habebat.

131 1438 267 1494 Tantum
279 1438 355 1495 inter
368 1440 475 1512 densas,
496 1438 628 1497 umbrosa
641 1437 800 1507 cacumina,
820 1437 903 1512 sagos

136 1539 263 1597 Affidue
272 1541 420 1598 veniebat:
443 1542 485 1599 ibi
499 1540 719 1603 hecincondita
732 1540 808 1597 solus

136 1641 293 1701 Montibus
304 1651 335 1700 et
347 1643 423 1700 srlvis
436 1644 527 1701 studio
535 1642 662 1721 jastabat
674 1643 770 1700 inani:

178 1743 207 1800 0
221 1744 345 1802 crudelis
358 1745 460 1802 Alexil
479 1745 553 1804 nihil
567 1765 631 1804 mea
644 1745 770 1803 carmina
783 1743 883 1800 curas?
921 1778 928 1786 ·

137 1846 195 1904 Nil
208 1846 296 1903 nostri
309 1846 461 1905 miserere?
482 1849 555 1905 mori
570 1867 616 1906 me
628 1846 754 1922 denique
767 1863 859 1923 coges.

138 1946 231 2006 Nune
244 1948 333 2006 etiarn
343 1937 468 2027 pecudes
481 1953 596 2008 umbras
609 1958 639 2006 et
651 1949 759 2024 frigora
773 1955 903 2023 captont3

139 2052 231 2109 Nunc
242 2051 342 2109 viridia
355 2053 443 2109 etiarn
456 2053 602 2110 occultant
615 2052 725 2129 spineta
738 2050 872 2120 lacertos3
924 2090 926 2093 ψ

137 2154 284 2231 Thestylis
296 2164 326 2212 et
338 2155 437 2230 rapido
449 2154 525 2212 sessis
538 2154 704 2212 messoribus
717 2154 784 2209 aestu

139 2256 221 2314 Allia
234 2256 447 2332 serpyllumque
460 2258 560 2314 herbas
574 2255 727 2314 contundit
739 2254 860 2312 olentis:

139 2364 185 2419 At
196 2377 313 2417 mecum
325 2360 426 2428 raucis,
448 2370 496 2416 tua
510 2360 580 2417 dum
593 2358 710 2435 vestigia
722 2358 818 2425 lustro,
848 2395 850 2400 -
932 2401 934 2404 .

141 2461 207 2519 Sole
221 2460 274 2518 sub
286 2461 398 2518 ardenti
410 2462 541 2518 resonant
555 2461 666 2519 arbusta
679 2459 793 2517 cicadis,

140 2562 321 2621 Nonne-suit
334 2562 429 2633 satius,
444 2563 534 2621 tristes
548 2561 737 2639 Arrlaryllidis
750 2561 806 2619 iras
924 2577 926 2581 ·

140 2669 243 2740 Atque
256 2665 375 2741 superba
388 2666 450 2741 pati
462 2665 592 2722 fastidia?
614 2683 710 2721 nonne
723 2663 894 2721 Menalcan?

143 2767 287 2825 Quamvis
299 2767 350 2825 ille
363 2767 455 2844 niger,
475 2767 606 2841 quamvis
619 2776 653 2823 tu
665 2767 804 2824 candidus
817 2766 895 2831 effes.
922 2759 928 2828 ¹,

140 2871 170 2927 O
183 2868 307 2926 formose
319 2869 403 2945 puerl
426 2858 552 2927 nimium
566 2888 602 2926 ne
615 2871 699 2926 crede
712 2869 814 2927 colori:

141 2973 221 3030 Alba
233 2971 350 3047 ligustra
364 2973 479 3041 cadunt,
499 2972 628 3030 vaccinia
642 2972 724 3048 nigra
737 2972 883 3047 leguntur.

172 3072 331 3149 Despesms
344 3074 399 3131 tibi
412 3074 485 3141 sum,
496 3091 558 3142 nec,
573 3072 623 3150 qui
636 3073 698 3142 sim,
711 3073 824 3149 quaeris,
838 3073 941 3144 Alexi3

142 3178 244 3234 Quam
256 3176 335 3233 dives
346 3177 456 3252 peeoris
464 3175 551 3244 nivei,
562 3195 649 3251 quarn
662 3176 742 3233 lastis
756 3178 903 3234 abundans
914 3170 930 3232 ι’

143 3279 231 3337 Mille
244 3297 316 3335 meae
329 3280 430 3337 Siculis
443 3287 539 3337 errant
551 3278 583 3335 in
596 3278 743 3337 montibus
756 3298 856 3359 agne:

144 3381 290 3440 Laemr'lrr'
298 3402 357 3440 non
370 3383 467 3443 aestate
480 3403 602 3463 novum,
624 3408 688 3449 non
701 3388 829 3472 stignre,
842 3384 941 3446 ueste.
