2250 4050
205 454 264 509 MS
467 444 750 514 AENEIDOS,
922 446 994 510 v.17.

205 603 319 664 Moenia
331 600 425 681 prima
438 602 510 674 loto,
532 603 600 661 fatis
612 603 755 681 ingrersus
767 599 890 677 iniqnis3

206 706 411 785 AEncadasque
425 724 491 764 meo
506 725 611 764 nomen
626 708 662 764 de
674 704 795 777 nomine
808 704 896 781 fingo.

134 815 139 825 ’
246 811 330 867 Sacra
343 807 473 890 Dionaeae
489 808 576 867 matri
590 808 724 885 divisque
737 808 877 874 ferebam,
892 877 896 884 ,

208 913 383 992 Autpicibus
400 922 560 990 coeptorum
583 932 718 990 operum3
739 892 899 988 superoque
918 908 995 981 niten-

290 1028 350 1075 tem
405 1092 411 1098 ι

209 1119 383 1180 Coelicolum
396 1119 459 1198 regi
471 1120 632 1178 mactabam
645 1119 676 1177 in
689 1120 775 1177 litore
788 1126 913 1176 taurum.

208 1223 294 1281 Forte
308 1222 366 1280 fuit
374 1221 459 1300 juxta
474 1222 612 1291 tumulus,
632 1242 690 1301 quo
703 1241 809 1280 cornea
822 1222 933 1279 summo

208 1324 355 1401 virgulta,
375 1334 404 1382 et
417 1325 509 1383 uenus
521 1307 668 1384 hastilibus
681 1324 798 1383 horrida
810 1333 933 1401 myrtus:

209 1427 342 1500 Adeessi5
363 1427 543 1505 viridemque
555 1431 593 1486 ab
607 1428 697 1486 humo
709 1428 874 1486 convellere
886 1426 974 1484 filvam

211 1534 352 1601 Conatus,
372 1530 460 1589 ramis
473 1540 599 1608 tegerem
615 1541 648 1590 ut
660 1531 864 1590 frondentibus
877 1549 944 1599 aras,

211 1634 400 1694 Horrendum
412 1643 442 1691 et
455 1633 534 1692 dictu
548 1634 632 1692 video
642 1633 776 1692 mirabile
788 1630 954 1692 monstrum.

212 1738 302 1807 Nam,
323 1757 388 1813 quae
401 1736 493 1813 prima
507 1736 576 1806 solo,
596 1737 689 1814 ruptis
700 1737 856 1809 radicibus,
877 1740 956 1795 arbor

213 1840 351 1909 Vellitur,
372 1839 441 1897 huic
453 1849 516 1897 atro
528 1839 682 1916 liquuntur
693 1840 836 1918 sanguine
848 1851 946 1918 gutta,

214 1945 252 2002 Et
267 1954 372 2001 terram
386 1944 453 1999 tabo
466 1942 624 2001 maculant.
664 1942 743 2001 Mihi
755 1943 883 2022 frigidus
896 1944 985 2001 horror

214 2049 349 2107 Membra
361 2046 464 2122 quatit,
478 2046 647 2123 gelidusque
656 2046 716 2105 coit
726 2047 886 2106 formidine
892 2044 1004 2124 langius.

215 2150 322 2209 Rursus
335 2157 365 2206 et
377 2148 494 2207 alterius
507 2150 620 2207 lentum
633 2150 796 2209 convellere
811 2152 911 2210 vimen

214 2253 362 2330 Insequor,
383 2262 413 2309 et
426 2252 531 2325 cauffas
543 2252 660 2329 penitus
673 2262 785 2312 tentare
797 2255 931 2314 latentis:
956 2321 958 2326 Ι
1005 2300 1007 2303 .

215 2359 291 2417 Ater
303 2371 332 2415 et
345 2357 462 2415 alterius
476 2356 606 2432 sequitur
618 2358 654 2415 de
667 2358 775 2416 cortice
787 2358 916 2436 sanguis.

215 2462 314 2519 Multa
322 2479 443 2519 movens
454 2460 561 2529 animo,
571 2461 724 2537 Nymphas
730 2464 890 2521 venerabar
899 2460 1009 2540 agrestb,

215 2563 435 2641 Gradivumque
447 2572 569 2639 patrem,
583 2563 693 2622 Geticis
703 2564 755 2640 qui
767 2565 903 2642 praefidet
914 2564 993 2634 arvis3

216 2668 287 2725 Rite
301 2666 490 2724 secundarent
503 2666 589 2737 visus,
609 2686 753 2744 omenque
767 2668 906 2727 levarent.

216 2770 317 2830 Tertia
330 2769 378 2827 sed
389 2770 537 2847 postquam
550 2769 658 2846 majore
671 2770 783 2829 hastilia
795 2771 861 2831 nisu

216 2873 391 2950 Adgredior,
412 2874 591 2950 genibusque
604 2874 727 2932 adversae
744 2874 877 2933 obluctor
890 2894 987 2944 arene,

219 2978 368 3053 (Eloquar,
389 2995 426 3033 an
440 2976 570 3049 sileam)
585 2975 712 3052 gemitus
726 2978 913 3037 lacrimabilis
925 2979 982 3037 imo
1003 3023 1007 3030 .

217 3079 348 3138 Auditur
361 3079 485 3147 tumulo,
505 3088 535 3135 et
547 3097 604 3137 vox
617 3078 730 3137 reddita
742 3080 837 3139 fertur
848 3082 886 3141 ad
899 3082 985 3141 aurisr

219 3182 302 3242 Quid
311 3180 457 3250 miserum,
471 3181 578 3250 AEnca,
591 3181 714 3264 laceras?
724 3181 786 3259 jam
796 3204 884 3262 parce
898 3185 1012 3263 sepult03

217 3287 305 3346 Parce
316 3284 378 3362 pias
393 3283 529 3342 scelerare
542 3303 664 3342 manus.⁴
696 3285 767 3344 Non
780 3306 829 3345 me
842 3288 899 3347 tibi
909 3287 989 3364 Troja

211 3394 385 3457 Externum
397 3389 486 3463 tulit3
507 3397 562 3448 aut
573 3405 657 3447 crunt
665 3386 722 3443 bic
731 3388 770 3445 dc
777 3388 877 3461 mque
882 3401 986 3448 mat.
998 3436 1013 3445 ..
