2250 4050
189 377 228 428 22
433 370 742 440 BUCOLICA,
899 376 977 426 mal.
1046 374 1047 396 l

189 520 289 598 AEgle,
311 522 460 582 Naiadum
473 524 680 602 pulcherrima;
698 523 818 600 jamque
830 519 940 580 videnti
1045 558 1047 566 ·

190 625 361 702 Sanguineis
374 626 501 685 frontem
515 627 602 685 moris
616 638 645 685 et
659 637 789 703 tempora
801 624 909 701 pingit.

187 728 253 797 llle,
273 728 373 785 dolum
385 729 489 799 ridens,
512 731 581 788 Quo
594 728 709 787 vincula
722 726 859 785 nectitis?
879 724 976 801 inquit:
1044 718 1047 773 Ξ

190 831 298 889 Solvite
312 850 367 902 me,
388 832 471 909 pueri
476 858 485 904 3
509 831 576 889 satis
588 831 629 889 est
640 829 763 908 potuilse
776 829 877 886 videri.
1011 895 1015 910 ,

192 933 338 1003 Carmina,
358 952 423 1010 quae
436 933 532 1009 vultis,
552 933 729 1011 cognoscite,
751 932 881 990 carmina
892 929 971 997 vobit,
1043 925 1047 980 ἶ

191 1037 272 1094 Huic
285 1036 363 1094 aliud
377 1037 515 1094 mercedis
527 1037 593 1096 erit.
634 1036 726 1093 Simul
739 1034 846 1110 incipit
859 1033 927 1111 ipse.
1042 1029 1047 1083 ἰ

192 1139 272 1196 Tum
282 1157 350 1196 vero
360 1139 392 1196 in
405 1158 557 1197 numerum
567 1141 734 1213 Faunosque
744 1138 877 1213 ferasque
886 1136 980 1195 videret
1042 1141 1047 1189 t

191 1241 312 1311 Ludere,
333 1250 397 1298 tum
410 1242 517 1319 rigidas
530 1251 640 1300 motare
653 1239 804 1299 cacumina
817 1259 947 1316 quercus.

191 1345 256 1404 Nec
270 1352 384 1403 tantum
396 1345 503 1404 Phoebo
517 1347 625 1422 gaudet
637 1345 766 1403 Pamafia
779 1363 865 1421 rupes
872 1370 881 1416 ;

189 1449 254 1506 Nec
267 1457 382 1506 tantum
390 1448 528 1524 Rhodope
540 1448 683 1506 mirantur
695 1457 724 1505 et
735 1446 860 1506 Ismarus
867 1447 980 1525 Orphea.
1042 1445 1047 1499 l

229 1551 365 1627 Namque
378 1552 507 1619 canebat,
520 1551 566 1608 uti
578 1569 718 1628 magnum
730 1568 783 1627 per
795 1549 885 1608 inane
898 1549 981 1609 oeaoa
1042 1545 1047 1602 Ξ

192 1652 307 1712 Semina
321 1663 517 1729 terrarumque
530 1654 692 1730 animaeque
710 1653 855 1730 marisque
867 1653 980 1719 fuilient,
1042 1654 1047 1707 l

192 1759 230 1815 Et
243 1756 348 1833 liquidi
362 1757 444 1814 simul
458 1757 547 1833 ignis:
571 1756 660 1814 uthis
673 1757 790 1814 exordia
803 1757 905 1834 primis
1043 1752 1047 1764 '

192 1859 309 1929 Omnia,
330 1869 360 1916 et
372 1859 432 1937 ipse
444 1868 524 1917 tener
536 1859 640 1917 mundi
652 1859 829 1917 concreverit
842 1861 927 1919 orbis.

192 1962 270 2019 Tum
283 1963 384 2020 durare
396 1962 498 2034 solnm,
518 1972 547 2020 et
561 1962 721 2020 discludere
734 1963 831 2021 Nerea
844 1974 933 2041 ponto
1042 1960 1047 2016 l

191 2066 328 2143 Coeperit,
348 2076 378 2123 et
390 2086 486 2125 rerum
498 2066 648 2144 paullatim
662 2065 772 2123 sumere
785 2066 909 2126 formas‘:

190 2169 314 2246 Jamque
327 2188 433 2227 novum
447 2179 528 2227 terrae
542 2169 673 2245 stupeant
685 2168 827 2226 lucescere
840 2170 937 2238 solem,
1042 2166 1047 2223 l

189 2272 287 2330 Altius
300 2281 387 2349 atque
399 2273 502 2330 cadant
516 2271 655 2330 submotis
669 2271 795 2330 nubibus
807 2272 929 2331 imbres:
1043 2278 1047 2324 l

191 2374 339 2452 incipiant
352 2376 427 2433 filvae
440 2394 530 2452 quum
540 2374 668 2452 primum
682 2374 804 2450 surgere,
819 2392 960 2453 quumque
1043 2372 1047 2428 ἱ

189 2478 264 2536 Rara
277 2496 328 2555 per
340 2477 454 2554 ignotos
466 2486 562 2535 errent
575 2477 712 2535 animalia
724 2478 841 2536 montis.

189 2579 270 2638 Hinc
282 2580 390 2657 lapides
403 2580 518 2657 Pyrrhae
527 2578 628 2657 jactos,
650 2579 781 2637 Saturnia
795 2585 894 2659 regna,

189 2684 394 2760 Caucasiasque
402 2686 488 2743 refert
496 2684 634 2754 volucres,
642 2681 979 2761 furtumquePromethei.
1045 2682 1047 2737 j

188 2789 245 2848 His
258 2787 398 2867 adjungit,
419 2790 517 2865 Hylan
532 2797 630 2846 nautae
643 2808 701 2865 quo
714 2788 795 2846 fonte
808 2790 939 2849 relictum
1046 2833 1047 2838 κ

189 2892 370 2960 Clamaffent,
391 2902 425 2950 ut
437 2892 506 2950 litus
519 2892 612 2967 Hyla!
634 2890 728 2967 Hylai
750 2909 838 2950 omne
851 2893 967 2952 sonaret:

188 2996 226 3053 Et
238 2996 424 3066 fortunatam,
446 2995 467 3052 fi
481 3012 630 3071 nunquam
643 3001 773 3051 armenta
786 2994 914 3069 fuissent,

189 3096 342 3173 Pafiphatn
353 3096 431 3153 nivei
444 3095 550 3154 solatur
563 3115 661 3154 amore
667 3095 795 3171 juvenci.

129 3198 130 3201 ’
187 3200 237 3257 Ah
251 3200 333 3277 virgo
346 3199 463 3257 infelix!
487 3218 551 3276 quae
564 3208 594 3255 te
607 3198 753 3257 dementia
766 3199 861 3276 cepit?

187 3302 324 3361 Proetides
337 3302 485 3380 inplemnt
498 3302 574 3361 falfis
587 3301 748 3379 mugitibus
761 3321 858 3379 agros:
