2250 4050
143 436 207 492 2³1.
358 421 692 486 cATALEcTA.
871 428 927 499 173

143 605 201 664 aepe
213 584 343 646 animam
356 580 455 660 'generi
467 600 520 660 pro
533 581 592 658 qni
603 590 685 659 pater
693 579 791 659 inptm
802 580 895 642 haurit
899 607 910 657 ς

163 691 242 767 Saepe
256 679 346 747 rubro
358 687 436 744 Eleia
450 683 590 762 sanguine
602 683 689 743 fluxit
701 680 821 745 humus:

143 793 213 869 legia
226 810 287 851 non
299 791 419 860 Semele,
440 807 499 847 nou
512 787 628 847 Inachis
639 787 796 860 Acrifione,

163 896 279 954 Inmitti
291 894 456 971 exspectans
468 891 602 962 fulmine,
622 899 653 950 et
664 892 767 965 imbre,
780 894 896 973 Jorem:

143 999 211 1078 {ujus
223 1010 254 1059 et
266 1000 305 1058 ob
319 1006 434 1074 raptum
445 997 519 1074 pulli
531 995 641 1072 liquere
654 998 771 1056 Penates

163 1101 317 1181 Tarquinii
329 1098 444 1178 patrios,
464 1098 541 1158 filius
553 1109 641 1176 atque
652 1108 734 1177 pater
738 1126 747 1173 3

143 1205 187 1277 lo,
200 1227 259 1285 quo
271 1205 399 1284 primum
412 1204 577 1263 dominatus
589 1203 680 1261 Roma
692 1203 826 1282 superbos

161 1309 290 1369 Mutavit
301 1308 421 1387 placidis
433 1317 562 1384 tempore
575 1306 762 1365 Consulibus:

143 1410 227 1486 [ulta
247 1431 342 1490 neque
356 1411 507 1480 inmeritis,
527 1410 645 1468 donarit
657 1410 775 1487 praemia
788 1411 922 1483 alumnis,

160 1514 729 1592 PraemiaMeffalirmaximaPoplicolis.
902 1574 905 1580 ,

144 1637 190 1680 am
199 1621 270 1698 quid
280 1638 336 1698 ego
344 1618 467 1677 inmenfi
477 1636 636 1676 memorem
643 1618 735 1677 studia
742 1617 794 1678 ista
802 1619 923 1680 laboris?

166 1725 291 1793 Horrida
303 1722 374 1800 quid
387 1702 465 1782 durae
478 1730 607 1798 tempora
617 1721 746 1781 militia?

144 1825 221 1886 fastra
234 1828 298 1886 foro
311 1825 417 1898 solitos,
438 1825 504 1884 urbi
515 1844 679 1903 praeponere
691 1826 788 1899 castra,

162 1931 238 1991 Tam
251 1931 352 2009 procul
366 1930 422 1989 hoc
435 1938 513 2000 nato,
534 1938 594 1989 tam
604 1929 704 2006 procul
716 1930 770 1990 hac
782 1928 890 2009 patrii?

144 2036 307 2096 moderata
318 2034 380 2114 pati
393 2053 471 2096 nunc
484 2034 601 2112 frigora,
621 2053 755 2112 nuncque
767 2036 889 2096 calores?

163 2142 287 2200 Stertere
298 2140 345 2199 vel
358 2139 429 2198 duri
440 2139 517 2216 polle
529 2137 613 2216 super
625 2138 718 2197 filice?

144 2254 205 2322 ¹epe
217 2254 329 2304 trucem
341 2242 459 2303 adverso
470 2242 580 2321 perlabi
593 2243 682 2303 fidere
692 2245 832 2302 Pontum?

162 2348 242 2427 Saepe
254 2367 334 2407 mare
345 2346 478 2407 audendo
489 2346 614 2418 vincere,
633 2348 706 2425 saepe
717 2347 860 2408 hiemem?

144 2460 204 2529 *pe
215 2451 305 2511 etiam
317 2452 418 2511 densos
429 2450 577 2509 inmittere
589 2470 690 2529 corpur
701 2450 734 2509 in
747 2451 852 2524 hostem

166 2555 357 2615 Communem
369 2554 439 2614 belli
450 2574 505 2614 nec
517 2554 642 2613 timuiffe
655 2556 758 2613 deum?

144 2647 214 2718 lunc
226 2660 332 2719 celeres
343 2659 441 2729 Afros,
461 2658 644 2737 perituraque
656 2658 748 2717 millia
761 2658 865 2738 gentio,

170 2763 260 2822 Aurea
273 2782 352 2821 nunc
364 2762 455 2841 rapidi
468 2762 590 2821 flumina
601 2762 679 2821 adire
687 2762 780 2839 Tagi?

144 2850 213 2925 Nunc
225 2866 313 2927 aliam
326 2886 363 2925 ex
376 2866 433 2925 alia
444 2866 578 2925 bellando
591 2885 717 2942 quaerere
730 2869 865 2944 gentem?

170 2968 287 3030 Vincere
299 2978 330 3028 et
342 2969 454 3029 Oceani
466 2969 574 3028 finibus
585 2970 724 3028 ulterius?

145 3060 195 3132 Non
206 3074 333 3133 nostrum
344 3072 393 3142 est,
406 3072 536 3150 inquam,
547 3081 640 3132 tantas
651 3073 800 3150 adtingere
810 3072 922 3147 laudem

168 3177 246 3237 Quin
259 3176 349 3237 aufim
362 3176 418 3235 hoc
431 3175 521 3235 etiam
533 3176 638 3246 dicere,
650 3176 700 3237 vix
712 3176 863 3237 hominum
875 3177 925 3237 est.

145 3279 265 3363 'pmhm
274 3279 336 3359 ipsa
345 3280 441 3339 ferent
450 3299 546 3339 rerum
555 3289 745 3340 monumenta
753 3284 923 3359 perorbem5

160 3386 225 3468 lpss
238 3383 295 3447 tihi
306 3382 457 3464 egregium
468 3384 545 3446 fasta
557 3385 644 3454 decue
654 3383 778 3463 parient.
