2250 4050
167 459 229 517 200
430 450 710 521 AEntnlnos,
858 443 944 508 alst·

169 607 285 686 EuropA
297 616 385 688 atque
397 610 466 670 Ana
479 611 587 688 pulsus.
631 612 698 669 Nec
710 609 793 686 plura
805 609 948 683 querentem

163 711 248 770 'Passa
260 714 360 771 Venus
373 715 470 772 medio
483 715 521 772 fic
533 715 671 772 interfata
684 711 783 770 dolore
795 709 849 767 est:

211 813 350 891 Quisquis
361 835 400 885 es,
411 812 950 887 haud,cred0,invisusooe1estibusaura

171 917 282 978 Vitales
294 919 396 996 carpis,
409 921 529 998 Tyriam
543 920 594 997 qui
606 918 758 978 adveneris
767 920 879 976 urbem:

171 1023 261 1098 Perge
271 1022 366 1093 modo,
378 1032 466 1099 atque
476 1023 545 1081 hinc
553 1032 583 1080 te
593 1022 702 1100 reginae
712 1022 751 1080 ad
759 1019 859 1079 limina
868 1013 948 1094 persen

171 1125 308 1201 Namque
321 1125 377 1184 tibi
389 1126 507 1185 reduces
521 1126 619 1196 socios,
640 1125 813 1201 classemque
825 1121 929 1180 relatam

171 1228 298 1296 Nuntio,
317 1239 347 1287 et
360 1229 392 1287 in
405 1238 503 1288 tutum
516 1231 602 1288 ver-fis
615 1228 800 1306 aquilonibus
813 1226 911 1284 adam:

173 1330 216 1389 Ni
227 1331 328 1389 frustra
342 1332 497 1408 augurium
509 1333 577 1390 vani
590 1333 712 1390 docuere
726 1339 865 1409 parentes.

173 1433 301 1510 Adspice
314 1433 452 1492 bissenos
466 1435 590 1493 laetsntis
602 1412 847 1512 agnune'cycnos,

174 1536 310 1595 AEtheril
325 1557 397 1613 quos
410 1537 487 1614 lapsa
500 1538 587 1615 plagA
599 1537 678 1614 Jovis
691 1537 752 1594 ales
763 1544 861 1613 aperto

175 1643 324 1700 'Iurbabat
337 1641 425 1699 coelo:
448 1660 526 1700 nunc
540 1651 628 1700 terras
640 1640 743 1699 ordine
755 1640 844 1717 longo

176 1748 241 1802 Aut
253 1763 363 1821 capere,
383 1754 434 1803 aut
446 1755 542 1822 captas
550 1744 613 1822 jam
627 1745 799 1821 response,
818 1744 941 1802 videntur·

177 1848 222 1905 Ut
235 1848 353 1906 reduces
367 1846 410 1904 illi
424 1849 530 1916 ludunt
542 1847 726 1906 stridentibus
739 1848 803 1918 alis,

178 1951 217 2006 Et
231 1961 308 2007 coetu
321 1949 436 2008 cinxere
449 1951 557 2028 polum,
576 1960 734 2029 cantusque
747 1952 866 2023 dedere3

178 2056 267 2111 Haud
281 2052 366 2111 aliter
377 2070 543 2130 puppesque
557 2065 624 2123 ture,
643 2057 791 2131 pubesque
805 2064 913 2113 tuorum

180 2160 245 2215 Aut
257 2167 373 2233 portum
387 2165 476 2225 tenet,
497 2166 548 2214 aut
561 2158 646 2233 pleno
659 2155 736 2215 subit
749 2157 819 2216 ostia
833 2157 900 2215 velo.

181 2264 270 2337 Perge
283 2260 370 2318 modo
377 2284 386 2331 ;
409 2272 448 2329 et,
464 2261 521 2335 qul
538 2269 567 2317 te
580 2260 661 2318 ducit
675 2260 731 2331 via,
746 2261 841 2337 dirige
852 2253 957 2336 gressum·

219 2364 318 2434 Dixit3
341 2371 379 2433 et,
399 2375 539 2432 avertens,
561 2362 639 2420 roseA
652 2362 764 2421 cervice
777 2362 893 2430 refulsit,

181 2465 399 2541 Ambrosiasque
412 2485 503 2523 comae
516 2465 649 2523 divinum
661 2466 769 2523 vertice
782 2467 897 2523 odorem

183 2570 345 2646 spiravere3
367 2569 453 2645 pedes
465 2567 548 2625 vestis
560 2567 683 2625 defluxit
696 2568 732 2625 ad
745 2568 829 2638 imos,

182 2675 220 2731 Et
234 2691 298 2730 vera
311 2670 421 2729 incessu
435 2670 529 2746 patuit
542 2671 605 2727 dea.
645 2670 709 2735 Ille,
728 2669 780 2727 ubi
795 2678 910 2728 matrem

182 2774 324 2853 Agnovit,
345 2773 397 2831 tali
411 2773 576 2849 fugientem
588 2772 628 2829 est
640 2791 710 2830 voce
723 2771 850 2830 secutus:

184 2879 267 2938 Quid
281 2887 383 2935 natum
397 2875 491 2945 toties,
511 2874 635 2932 crudelis
647 2885 680 2931 tu
691 2893 817 2951 quoque,
836 2872 904 2933 salsis

184 2982 274 3040 Ludis
287 2977 479 3055 imaginibus?
501 2996 552 3035 cur
565 2979 674 3035 dextrae
681 2977 806 3055 jungere
818 2979 933 3036 dextram

185 3084 256 3141 Non
269 3082 363 3149 datur,
383 3099 416 3137 ac
429 3098 509 3137 veras
521 3079 621 3138 audire
634 3088 664 3138 et
676 3081 797 3139 reddere
809 3079 903 3139 voces?

184 3185 304 3245 Talibus
316 3181 440 3251 incusat,
461 3182 640 3259 gressumque
654 3184 690 3241 ad
704 3185 812 3242 moenia
828 3180 918 3241 tendit.

186 3292 229 3347 At
244 3289 343 3345 Venus
358 3285 475 3344 obscuro
488 3284 647 3361 gradientis
659 3288 724 3343 aiire
737 3285 837 3363 saepsit,

179 3396 219 3458 Er
233 3392 332 3455 multo
345 3389 464 3461 nebulae
477 3387 592 3447 circum
602 3388 657 3445 dea
665 3388 867 3446 induamidu:
944 3425 947 3431 -
