2250 4050
125 408 237 508 asra.
435 447 534 506 cru.
574 447 631 505 111.
870 442 929 515 2⁶7

131 603 256 662 Italiam.
297 601 412 661 Italiam
425 603 535 680 primus
547 603 708 660 conclamat
721 599 860 672 Achatem

132 708 247 765 Italiam
258 707 326 764 laeto
339 706 408 765 socii
420 708 544 764 clamore
556 706 690 763 salutant.

132 810 210 867 Tum
222 817 306 886 pater
318 808 458 866 Anchises
469 827 609 886 magnum
621 817 730 865 cratera
742 805 846 864 coroni

134 912 243 980 Induit,
263 911 442 988 inplevitque
455 930 548 982 mer03
570 909 706 985 divosque
718 908 832 967 vocavit

136 1016 218 1073 Stans
231 1014 305 1072 celsa
317 1013 349 1072 in
361 1014 466 1091 puppi:

135 1117 184 1187 Di,
204 1117 292 1175 maris
304 1126 334 1174 et
346 1125 428 1174 terrae
446 1117 702 1194 tempestatumque
713 1123 854 1192 potentes,

136 1219 220 1277 Ferte
233 1220 311 1278 viam
323 1229 408 1277 vento
423 1219 549 1290 facilem,
570 1227 600 1275 et
612 1217 715 1294 spirate
728 1218 855 1276 secundi.

175 1323 367 1381 Crebrescunt
378 1331 482 1399 optatae
494 1340 580 1390 aurae,
599 1330 753 1398 portusque
765 1322 885 1399 patescit
946 1398 948 1402 Ι

137 1427 204 1504 Jam
226 1425 349 1503 propior,
375 1425 574 1501 templumque
595 1425 713 1500 adparet
735 1425 766 1482 in
789 1443 853 1483 arce
873 1424 934 1482 Mi·

217 1546 325 1585 nervae:

139 1631 213 1688 Vela
226 1629 327 1706 legunt
340 1629 417 1697 socii,
437 1637 468 1687 et
479 1648 575 1706 proras
588 1630 624 1687 ad
636 1628 719 1686 litora
734 1637 877 1705 torquent.

136 1735 241 1797 ,Portus
254 1734 290 1789 ab
303 1733 397 1790 Euroo
409 1731 500 1788 fluctu
515 1742 649 1789 curvatus
661 1731 692 1788 in
706 1749 818 1803 arcum3

142 1835 271 1912 Objestae
283 1834 353 1892 salsi
365 1833 499 1911 spumant
512 1834 679 1910 adspargine
691 1843 789 1891 cautes
794 1856 803 1905 ς

142 1937 206 2014 Ipse
217 1937 302 1994 latet:
324 1936 440 2012 gemino
453 1937 611 1994 demittunt
623 1936 739 1994 brachia
748 1954 835 1993 muro

141 2040 252 2098 Turriti
266 2040 382 2116 scopuli,
402 2039 568 2115 refugitque
580 2041 617 2097 ab
629 2039 713 2097 litore
726 2040 876 2118 templum.

145 2144 279 2201 Quatuor
288 2142 344 2212 hic,
352 2142 478 2218 primurn
487 2159 584 2209 omen,
591 2160 679 2217 equos
688 2142 719 2198 in
731 2141 860 2218 gramine
869 2141 939 2212 vidi,

142 2246 303 2304 Tondentis
316 2263 449 2321 campum
462 2245 528 2313 late,
548 2246 670 2303 candore
683 2245 790 2303 nivali:

144 2350 182 2406 Et
190 2358 272 2427 pater
280 2346 429 2418 Anchises,
440 2346 562 2416 Bellum,
574 2366 593 2404 o
603 2356 677 2405 terra
688 2347 813 2425 hospital
828 2358 939 2425 portam

145 2451 226 2509 Bello
236 2459 382 2508 armantur
391 2449 472 2526 equi:
495 2449 603 2507 bellum
615 2449 677 2506 haec
690 2460 818 2509 armenta
828 2451 941 2510 minan·

210 2562 284 2611 tur:

146 2659 200 2715 Sed
215 2668 310 2714 tamen
323 2653 401 2713 idern
413 2654 485 2713 olim
497 2672 584 2712 curru
597 2653 745 2712 succedere
759 2654 832 2715 sueti

148 2759 364 2835 Quadrupedes,
384 2767 415 2815 et
426 2758 506 2814 frena
515 2755 588 2833 jugo
599 2756 750 2815 concordia
763 2758 837 2816 serre
844 2782 854 2830 3

146 2864 215 2939 Spes
227 2871 258 2919 et
269 2860 355 2937 pacis,
371 2860 421 2918 ait.
460 2861 539 2916 Tum
551 2858 670 2917 numina
684 2858 779 2918 santra
791 2878 943 2937 precamur

146 2963 268 3023 Palladis
280 2962 436 3029 armisonae,
455 2980 520 3037 quae
532 2960 625 3037 prima
638 2961 752 3037 adcepit
764 2963 888 3035 ovantis,

148 3068 185 3125 Et
196 3066 291 3143 capita
304 3073 371 3123 ante
384 3082 445 3121 aras
456 3062 582 3139 Phrygio
594 3062 723 3121 velamur
734 3065 856 3137 amittu3

147 3158 354 3245 Praeceptisque
366 3164 482 3235 Heleni,
503 3166 621 3223 dederat
632 3184 696 3240 quae
709 3186 855 3240 maxuma,
868 3168 924 3229 rite

148 3271 256 3349 Junoni
269 3269 388 3346 Argivae
395 3248 482 3344 jussos
494 3267 640 3325 adolemus
657 3267 787 3332 honores.

186 3375 275 3435 Haud
287 3390 381 3444 mora5
402 3369 549 3441 continuo,
568 3369 701 3446 persenis
715 3371 815 3441 ordine
827 3373 910 3444 votis,
