<?xml version="1.0" encoding="UTF-8"?>
<!DOCTYPE html PUBLIC "-//W3C//DTD XHTML 1.0 Transitional//EN"
    "http://www.w3.org/TR/xhtml1/DTD/xhtml1-transitional.dtd">
<html xmlns="http://www.w3.org/1999/xhtml" xml:lang="en" lang="en">
 <head>
  <title>
</title>
<meta http-equiv="Content-Type" content="text/html;charset=utf-8" />
  <meta name='ocr-system' content='tesseract 3.04.00' />
  <meta name='ocr-capabilities' content='ocr_page ocr_carea ocr_par ocr_line ocrx_word'/>
</head>
<body>
  <div class='ocr_page' id='page_1' title='image "./pvirgiliimaroni03marogoog_0080.png"; bbox 0 0 2250 4050; ppageno 0'>
   <div class='ocr_carea' id='block_1_1' title="bbox 169 434 980 505">
    <p class='ocr_par' dir='ltr' id='par_1_1' title="bbox 169 434 980 505">
     <span class='ocr_line' id='line_1_1' title="bbox 169 434 980 505; baseline 0.011 -13"><span class='ocrx_word' id='word_1_1' title='bbox 169 441 208 504; x_wconf 78' lang='lat'>72</span> <span class='ocrx_word' id='word_1_2' title='bbox 404 434 736 505; x_wconf 85' lang='lat' dir='ltr'>GEORGICON,</span> <span class='ocrx_word' id='word_1_3' title='bbox 863 441 980 501; x_wconf 57' lang='grc' dir='ltr'>,ΗΘΆ</span> 
     </span>
    </p>
   </div>
   <div class='ocr_carea' id='block_1_2' title="bbox 168 588 957 3235">
    <p class='ocr_par' dir='ltr' id='par_1_2' title="bbox 169 588 953 2097">
     <span class='ocr_line' id='line_1_2' title="bbox 169 588 930 663; baseline -0.003 -14"><span class='ocrx_word' id='word_1_4' title='bbox 169 591 244 649; x_wconf 85' lang='lat' dir='ltr'>AEre</span> <span class='ocrx_word' id='word_1_5' title='bbox 256 591 399 648; x_wconf 81' lang='lat' dir='ltr'>renidenti</span> <span class='ocrx_word' id='word_1_6' title='bbox 413 593 497 650; x_wconf 82' lang='lat' dir='ltr'>tellus</span> <span class='ocrx_word' id='word_1_7' title='bbox 504 617 513 663; x_wconf 99' lang='lat'>3</span> <span class='ocrx_word' id='word_1_8' title='bbox 535 612 589 651; x_wconf 92' lang='lat' dir='ltr'>nec</span> <span class='ocrx_word' id='word_1_9' title='bbox 601 593 672 650; x_wconf 91' lang='lat' dir='ltr'>dum</span> <span class='ocrx_word' id='word_1_10' title='bbox 684 588 805 649; x_wconf 66' lang='lat' dir='ltr'>horrida&#39;</span> <span class='ocrx_word' id='word_1_11' title='bbox 815 589 930 649; x_wconf 83' lang='lat' dir='ltr'>miscent</span> 
     </span>
     <span class='ocr_line' id='line_1_3' title="bbox 169 668 918 760; baseline -0.003 -10"><span class='ocrx_word' id='word_1_12' title='bbox 169 668 280 760; x_wconf 73' lang='lat' dir='ltr'>Proelii,</span> <span class='ocrx_word' id='word_1_13' title='bbox 301 693 349 750; x_wconf 87' lang='lat' dir='ltr'>sed</span> <span class='ocrx_word' id='word_1_14' title='bbox 364 694 468 751; x_wconf 89' lang='lat' dir='ltr'>dubius</span> <span class='ocrx_word' id='word_1_15' title='bbox 481 696 583 752; x_wconf 87' lang='lat' dir='ltr'>mediis</span> <span class='ocrx_word' id='word_1_16' title='bbox 594 695 673 752; x_wconf 89' lang='lat' dir='ltr'>Mars</span> <span class='ocrx_word' id='word_1_17' title='bbox 687 704 765 751; x_wconf 88' lang='lat' dir='ltr'>errat</span> <span class='ocrx_word' id='word_1_18' title='bbox 778 694 810 751; x_wconf 89' lang='lat' dir='ltr'>in</span> <span class='ocrx_word' id='word_1_19' title='bbox 824 692 918 752; x_wconf 82' lang='lat' dir='ltr'>armis:</span> 
     </span>
     <span class='ocr_line' id='line_1_4' title="bbox 169 794 887 870; baseline 0 -17"><span class='ocrx_word' id='word_1_20' title='bbox 169 794 276 853; x_wconf 84' lang='lat' dir='ltr'>Omnia</span> <span class='ocrx_word' id='word_1_21' title='bbox 289 795 345 852; x_wconf 86' lang='lat' dir='ltr'>srnt</span> <span class='ocrx_word' id='word_1_22' title='bbox 358 796 472 870; x_wconf 82' lang='lat' dir='ltr'>paribus</span> <span class='ocrx_word' id='word_1_23' title='bbox 485 797 611 854; x_wconf 88' lang='lat' dir='ltr'>numeris</span> <span class='ocrx_word' id='word_1_24' title='bbox 625 796 753 855; x_wconf 87' lang='lat' dir='ltr'>dimensa</span> <span class='ocrx_word' id='word_1_25' title='bbox 769 796 887 864; x_wconf 86' lang='lat' dir='ltr'>viarum,</span> 
     </span>
     <span class='ocr_line' id='line_1_5' title="bbox 170 877 951 976; baseline 0.001 -23"><span class='ocrx_word' id='word_1_26' title='bbox 170 896 240 954; x_wconf 91' lang='lat' dir='ltr'>Non</span> <span class='ocrx_word' id='word_1_27' title='bbox 253 877 384 955; x_wconf 86' lang='lat' dir='ltr'>animum</span> <span class='ocrx_word' id='word_1_28' title='bbox 397 899 483 956; x_wconf 93' lang='lat' dir='ltr'>modo</span> <span class='ocrx_word' id='word_1_29' title='bbox 497 899 541 956; x_wconf 88' lang='lat' dir='ltr'>uti</span> <span class='ocrx_word' id='word_1_30' title='bbox 554 898 651 975; x_wconf 87' lang='lat' dir='ltr'>pascat</span> <span class='ocrx_word' id='word_1_31' title='bbox 662 898 829 976; x_wconf 68' lang='lat' dir='ltr'>prospectus</span> <span class='ocrx_word' id='word_1_32' title='bbox 841 899 951 966; x_wconf 85' lang='lat' dir='ltr'>inanen3</span> 
     </span>
     <span class='ocr_line' id='line_1_6' title="bbox 170 1000 908 1078; baseline 0.003 -21"><span class='ocrx_word' id='word_1_33' title='bbox 170 1001 225 1057; x_wconf 86' lang='lat' dir='ltr'>Sed</span> <span class='ocrx_word' id='word_1_34' title='bbox 238 1000 306 1074; x_wconf 91' lang='lat' dir='ltr'>quia</span> <span class='ocrx_word' id='word_1_35' title='bbox 319 1019 378 1057; x_wconf 91' lang='lat' dir='ltr'>non</span> <span class='ocrx_word' id='word_1_36' title='bbox 392 1001 476 1061; x_wconf 86' lang='lat' dir='ltr'>aliter</span> <span class='ocrx_word' id='word_1_37' title='bbox 487 1002 561 1059; x_wconf 87' lang='lat' dir='ltr'>vires</span> <span class='ocrx_word' id='word_1_38' title='bbox 575 1001 656 1060; x_wconf 82' lang='lat' dir='ltr'>dabit</span> <span class='ocrx_word' id='word_1_39' title='bbox 669 1002 805 1060; x_wconf 88' lang='lat' dir='ltr'>omnibus</span> <span class='ocrx_word' id='word_1_40' title='bbox 819 1021 908 1078; x_wconf 83' lang='lat' dir='ltr'>aequar</span> 
     </span>
     <span class='ocr_line' id='line_1_7' title="bbox 169 1098 950 1180; baseline -0.004 -20"><span class='ocrx_word' id='word_1_41' title='bbox 169 1104 267 1172; x_wconf 85' lang='lat' dir='ltr'>Terra,</span> <span class='ocrx_word' id='word_1_42' title='bbox 277 1121 369 1178; x_wconf 90' lang='lat' dir='ltr'>neque</span> <span class='ocrx_word' id='word_1_43' title='bbox 377 1101 536 1162; x_wconf 84' lang='lat' dir='ltr'>invacuum</span> <span class='ocrx_word' id='word_1_44' title='bbox 543 1113 679 1180; x_wconf 85' lang='lat' dir='ltr'>poterunt</span> <span class='ocrx_word' id='word_1_45' title='bbox 690 1103 719 1163; x_wconf 89' lang='lat' dir='ltr'>se</span> <span class='ocrx_word' id='word_1_46' title='bbox 728 1107 882 1163; x_wconf 88' lang='lat' dir='ltr'>extendere</span> <span class='ocrx_word' id='word_1_47' title='bbox 888 1098 950 1162; x_wconf 84' lang='lat' dir='ltr'>rami.</span> 
     </span>
     <span class='ocr_line' id='line_1_8' title="bbox 207 1204 942 1284; baseline -0.003 -22"><span class='ocrx_word' id='word_1_48' title='bbox 207 1204 334 1262; x_wconf 79' lang='lat' dir='ltr'>Forsitan</span> <span class='ocrx_word' id='word_1_49' title='bbox 347 1215 386 1274; x_wconf 87' lang='lat' dir='ltr'>et,</span> <span class='ocrx_word' id='word_1_50' title='bbox 400 1205 545 1264; x_wconf 86' lang='lat' dir='ltr'>scrobibus</span> <span class='ocrx_word' id='word_1_51' title='bbox 558 1227 622 1283; x_wconf 87' lang='lat' dir='ltr'>quae</span> <span class='ocrx_word' id='word_1_52' title='bbox 636 1207 691 1264; x_wconf 86' lang='lat' dir='ltr'>fint</span> <span class='ocrx_word' id='word_1_53' title='bbox 704 1207 829 1284; x_wconf 83' lang='lat' dir='ltr'>fastigia,</span> <span class='ocrx_word' id='word_1_54' title='bbox 843 1223 942 1284; x_wconf 81' lang='lat' dir='ltr'>quaerar.</span> 
     </span>
     <span class='ocr_line' id='line_1_9' title="bbox 169 1307 816 1368; baseline 0.006 -5"><span class='ocrx_word' id='word_1_55' title='bbox 169 1307 271 1364; x_wconf 74' lang='lat' dir='ltr'>Ausim</span> <span class='ocrx_word' id='word_1_56' title='bbox 284 1307 329 1363; x_wconf 89' lang='lat' dir='ltr'>vel</span> <span class='ocrx_word' id='word_1_57' title='bbox 343 1308 423 1364; x_wconf 89' lang='lat' dir='ltr'>tenui</span> <span class='ocrx_word' id='word_1_58' title='bbox 436 1309 527 1366; x_wconf 86' lang='lat' dir='ltr'>vitem</span> <span class='ocrx_word' id='word_1_59' title='bbox 539 1309 709 1368; x_wconf 85' lang='lat' dir='ltr'><strong>conmittere</strong></span> <span class='ocrx_word' id='word_1_60' title='bbox 722 1309 816 1368; x_wconf 89' lang='lat' dir='ltr'>sulco:</span> 
     </span>
     <span class='ocr_line' id='line_1_10' title="bbox 170 1409 796 1490; baseline 0.006 -23"><span class='ocrx_word' id='word_1_61' title='bbox 170 1409 268 1467; x_wconf 85' lang='lat' dir='ltr'>Altior</span> <span class='ocrx_word' id='word_1_62' title='bbox 280 1429 313 1466; x_wconf 86' lang='lat' dir='ltr'>ac</span> <span class='ocrx_word' id='word_1_63' title='bbox 326 1410 440 1486; x_wconf 88' lang='lat' dir='ltr'>penitus</span> <span class='ocrx_word' id='word_1_64' title='bbox 453 1421 534 1468; x_wconf 88' lang='lat' dir='ltr'>terrae</span> <span class='ocrx_word' id='word_1_65' title='bbox 548 1412 685 1490; x_wconf 81' lang='lat' dir='ltr'>defigitur</span> <span class='ocrx_word' id='word_1_66' title='bbox 697 1415 781 1471; x_wconf 85' lang='lat' dir='ltr'>arbos</span> <span class='ocrx_word' id='word_1_67' title='bbox 787 1437 796 1484; x_wconf 91' lang='lat'>3</span> 
     </span>
     <span class='ocr_line' id='line_1_11' title="bbox 169 1512 952 1590; baseline 0.003 -20"><span class='ocrx_word' id='word_1_68' title='bbox 169 1512 306 1570; x_wconf 87' lang='lat' dir='ltr'>AEsculus</span> <span class='ocrx_word' id='word_1_69' title='bbox 319 1513 348 1569; x_wconf 90' lang='lat' dir='ltr'>in</span> <span class='ocrx_word' id='word_1_70' title='bbox 360 1513 474 1589; x_wconf 88' lang='lat' dir='ltr'>primis:</span> <span class='ocrx_word' id='word_1_71' title='bbox 497 1535 560 1590; x_wconf 79' lang='lat' dir='ltr'>qnae</span> <span class='ocrx_word' id='word_1_72' title='bbox 572 1523 711 1590; x_wconf 86' lang='lat' dir='ltr'>quantum</span> <span class='ocrx_word' id='word_1_73' title='bbox 724 1516 834 1575; x_wconf 87' lang='lat' dir='ltr'>vertice</span> <span class='ocrx_word' id='word_1_74' title='bbox 846 1517 880 1574; x_wconf 91' lang='lat' dir='ltr'>ad</span> <span class='ocrx_word' id='word_1_75' title='bbox 890 1528 952 1574; x_wconf 67' lang='lat' dir='ltr'>amar</span> 
     </span>
     <span class='ocr_line' id='line_1_12' title="bbox 171 1615 909 1685; baseline 0.005 -12"><span class='ocrx_word' id='word_1_76' title='bbox 171 1615 327 1685; x_wconf 86' lang='lat' dir='ltr'>AEtherias,</span> <span class='ocrx_word' id='word_1_77' title='bbox 349 1624 463 1672; x_wconf 85' lang='lat' dir='ltr'>tantum</span> <span class='ocrx_word' id='word_1_78' title='bbox 476 1617 570 1674; x_wconf 87' lang='lat' dir='ltr'>radice</span> <span class='ocrx_word' id='word_1_79' title='bbox 583 1617 615 1674; x_wconf 92' lang='lat' dir='ltr'>in</span> <span class='ocrx_word' id='word_1_80' title='bbox 627 1619 747 1676; x_wconf 84' lang='lat' dir='ltr'>Tartara</span> <span class='ocrx_word' id='word_1_81' title='bbox 761 1619 866 1677; x_wconf 88' lang='lat' dir='ltr'>tendit.</span> <span class='ocrx_word' id='word_1_82' title='bbox 907 1679 909 1683; x_wconf 14' lang='grc' dir='ltr'><em>Α</em></span> 
     </span>
     <span class='ocr_line' id='line_1_13' title="bbox 170 1718 953 1797; baseline 0.006 -22"><span class='ocrx_word' id='word_1_83' title='bbox 170 1719 249 1795; x_wconf 84' lang='lat' dir='ltr'>Ergo</span> <span class='ocrx_word' id='word_1_84' title='bbox 263 1738 321 1775; x_wconf 91' lang='lat' dir='ltr'>non</span> <span class='ocrx_word' id='word_1_85' title='bbox 334 1718 442 1776; x_wconf 86' lang='lat' dir='ltr'>hiemes</span> <span class='ocrx_word' id='word_1_86' title='bbox 457 1719 547 1789; x_wconf 81' lang='lat' dir='ltr'>illam,</span> <span class='ocrx_word' id='word_1_87' title='bbox 565 1739 624 1777; x_wconf 91' lang='lat' dir='ltr'>non</span> <span class='ocrx_word' id='word_1_88' title='bbox 638 1721 737 1789; x_wconf 83' lang='lat' dir='ltr'>flabra,</span> <span class='ocrx_word' id='word_1_89' title='bbox 750 1740 847 1797; x_wconf 89' lang='lat' dir='ltr'>neque</span> <span class='ocrx_word' id='word_1_90' title='bbox 858 1721 953 1782; x_wconf 65' lang='lat' dir='ltr'>imbres,</span> 
     </span>
     <span class='ocr_line' id='line_1_14' title="bbox 170 1821 930 1900; baseline 0.001 -21"><span class='ocrx_word' id='word_1_91' title='bbox 170 1822 361 1892; x_wconf 86' lang='lat' dir='ltr'>Convellunt3</span> <span class='ocrx_word' id='word_1_92' title='bbox 383 1821 493 1879; x_wconf 84' lang='lat' dir='ltr'>inmota</span> <span class='ocrx_word' id='word_1_93' title='bbox 507 1832 615 1892; x_wconf 85' lang='lat' dir='ltr'>manet,</span> <span class='ocrx_word' id='word_1_94' title='bbox 634 1822 799 1898; x_wconf 87' lang='lat' dir='ltr'>multosque</span> <span class='ocrx_word' id='word_1_95' title='bbox 813 1832 930 1900; x_wconf 86' lang='lat' dir='ltr'>nepotes,</span> 
     </span>
     <span class='ocr_line' id='line_1_15' title="bbox 170 1925 900 1996; baseline -0.001 -14"><span class='ocrx_word' id='word_1_96' title='bbox 170 1925 265 1982; x_wconf 87' lang='lat' dir='ltr'>Multa</span> <span class='ocrx_word' id='word_1_97' title='bbox 280 1925 376 1982; x_wconf 76' lang='lat' dir='ltr'>virdm</span> <span class='ocrx_word' id='word_1_98' title='bbox 389 1926 505 1982; x_wconf 88' lang='lat' dir='ltr'>volvens</span> <span class='ocrx_word' id='word_1_99' title='bbox 519 1926 648 1983; x_wconf 86' lang='lat' dir='ltr'>durando</span> <span class='ocrx_word' id='word_1_100' title='bbox 661 1925 773 1996; x_wconf 81' lang='lat' dir='ltr'>saecula,</span> <span class='ocrx_word' id='word_1_101' title='bbox 795 1926 900 1984; x_wconf 88' lang='lat' dir='ltr'>vincit:</span> 
     </span>
     <span class='ocr_line' id='line_1_16' title="bbox 170 2028 863 2097; baseline -0.001 -13"><span class='ocrx_word' id='word_1_102' title='bbox 170 2029 259 2097; x_wconf 88' lang='lat' dir='ltr'>Tum,</span> <span class='ocrx_word' id='word_1_103' title='bbox 280 2028 362 2085; x_wconf 86' lang='lat' dir='ltr'>fortis</span> <span class='ocrx_word' id='word_1_104' title='bbox 374 2029 432 2086; x_wconf 88' lang='lat' dir='ltr'>late</span> <span class='ocrx_word' id='word_1_105' title='bbox 445 2047 538 2085; x_wconf 87' lang='lat' dir='ltr'>ramos</span> <span class='ocrx_word' id='word_1_106' title='bbox 551 2039 581 2085; x_wconf 91' lang='lat' dir='ltr'>et</span> <span class='ocrx_word' id='word_1_107' title='bbox 593 2028 709 2086; x_wconf 84' lang='lat' dir='ltr'>brachia</span> <span class='ocrx_word' id='word_1_108' title='bbox 724 2031 846 2087; x_wconf 88' lang='lat' dir='ltr'>tendens</span> <span class='ocrx_word' id='word_1_109' title='bbox 861 2080 863 2083; x_wconf 78' lang='grc'>,</span> 
     </span>
    </p>

    <p class='ocr_par' dir='ltr' id='par_1_3' title="bbox 169 2130 957 2515">
     <span class='ocr_line' id='line_1_17' title="bbox 169 2130 953 2207; baseline 0 -20"><span class='ocrx_word' id='word_1_110' title='bbox 169 2131 239 2187; x_wconf 90' lang='lat' dir='ltr'>Huc</span> <span class='ocrx_word' id='word_1_111' title='bbox 253 2130 331 2199; x_wconf 84' lang='lat' dir='ltr'>illuc,</span> <span class='ocrx_word' id='word_1_112' title='bbox 346 2132 441 2189; x_wconf 87' lang='lat' dir='ltr'>media</span> <span class='ocrx_word' id='word_1_113' title='bbox 454 2130 523 2207; x_wconf 83' lang='lat' dir='ltr'>ipsa,</span> <span class='ocrx_word' id='word_1_114' title='bbox 537 2130 688 2207; x_wconf 82' lang='lat' dir='ltr'>ingentem</span> <span class='ocrx_word' id='word_1_115' title='bbox 699 2131 817 2189; x_wconf 86' lang='lat' dir='ltr'>sustinet</span> <span class='ocrx_word' id='word_1_116' title='bbox 828 2134 953 2189; x_wconf 86' lang='lat' dir='ltr'>umbram·</span> 
     </span>
     <span class='ocr_line' id='line_1_18' title="bbox 206 2232 929 2310; baseline 0.003 -21"><span class='ocrx_word' id='word_1_117' title='bbox 206 2233 291 2290; x_wconf 90' lang='lat' dir='ltr'>Neve</span> <span class='ocrx_word' id='word_1_118' title='bbox 305 2232 359 2289; x_wconf 89' lang='lat' dir='ltr'>tibi</span> <span class='ocrx_word' id='word_1_119' title='bbox 372 2234 408 2290; x_wconf 87' lang='lat' dir='ltr'>ad</span> <span class='ocrx_word' id='word_1_120' title='bbox 422 2234 510 2291; x_wconf 90' lang='lat' dir='ltr'>solem</span> <span class='ocrx_word' id='word_1_121' title='bbox 524 2243 644 2310; x_wconf 86' lang='lat' dir='ltr'>vergant</span> <span class='ocrx_word' id='word_1_122' title='bbox 656 2234 754 2291; x_wconf 87' lang='lat' dir='ltr'>vineta</span> <span class='ocrx_word' id='word_1_123' title='bbox 770 2236 929 2301; x_wconf 77' lang='lat' dir='ltr'>cadentem5</span> 
     </span>
     <span class='ocr_line' id='line_1_19' title="bbox 170 2313 946 2413; baseline 0.005 -20"><span class='ocrx_word' id='word_1_124' title='bbox 170 2336 254 2394; x_wconf 89' lang='lat' dir='ltr'>Neve</span> <span class='ocrx_word' id='word_1_125' title='bbox 267 2336 343 2393; x_wconf 88' lang='lat' dir='ltr'>inter</span> <span class='ocrx_word' id='word_1_126' title='bbox 356 2336 429 2393; x_wconf 86' lang='lat' dir='ltr'>vites</span> <span class='ocrx_word' id='word_1_127' title='bbox 437 2313 573 2393; x_wconf 22' lang='lat' dir='ltr'>*cornlum</span> <span class='ocrx_word' id='word_1_128' title='bbox 586 2336 659 2393; x_wconf 87' lang='lat' dir='ltr'>sere:</span> <span class='ocrx_word' id='word_1_129' title='bbox 682 2355 754 2393; x_wconf 89' lang='lat' dir='ltr'>neve</span> <span class='ocrx_word' id='word_1_130' title='bbox 766 2336 881 2413; x_wconf 86' lang='lat' dir='ltr'>flagella</span> <span class='ocrx_word' id='word_1_131' title='bbox 944 2393 946 2397; x_wconf 83' lang='lat'><em>.</em></span> 
     </span>
     <span class='ocr_line' id='line_1_20' title="bbox 170 2438 957 2515; baseline 0 -20"><span class='ocrx_word' id='word_1_132' title='bbox 170 2439 287 2497; x_wconf 86' lang='lat' dir='ltr'>Summa</span> <span class='ocrx_word' id='word_1_133' title='bbox 299 2448 374 2515; x_wconf 88' lang='lat' dir='ltr'>pete,</span> <span class='ocrx_word' id='word_1_134' title='bbox 389 2450 439 2496; x_wconf 85' lang='lat' dir='ltr'>aut</span> <span class='ocrx_word' id='word_1_135' title='bbox 452 2438 563 2495; x_wconf 67' lang='lat' dir='ltr'>summi</span> <span class='ocrx_word' id='word_1_136' title='bbox 577 2438 719 2515; x_wconf 87' lang='lat' dir='ltr'>destringe</span> <span class='ocrx_word' id='word_1_137' title='bbox 729 2458 768 2497; x_wconf 81' lang='lat' dir='ltr'>ex</span> <span class='ocrx_word' id='word_1_138' title='bbox 780 2442 880 2498; x_wconf 85' lang='lat' dir='ltr'>arbore</span> <span class='ocrx_word' id='word_1_139' title='bbox 888 2438 957 2515; x_wconf 72' lang='lat' dir='ltr'>plan·</span> 
     </span>
    </p>

    <p class='ocr_par' dir='ltr' id='par_1_4' title="bbox 168 2541 919 3235">
     <span class='ocr_line' id='line_1_21' title="bbox 193 2541 308 2611; baseline 0.009 -14"><span class='ocrx_word' id='word_1_140' title='bbox 193 2541 197 2547; x_wconf 76' lang='grc'>’</span> <span class='ocrx_word' id='word_1_141' title='bbox 250 2550 308 2611; x_wconf 83' lang='lat' dir='ltr'>tas3</span> 
     </span>
     <span class='ocr_line' id='line_1_22' title="bbox 168 2644 843 2703; baseline 0.004 -3"><span class='ocrx_word' id='word_1_142' title='bbox 168 2644 279 2701; x_wconf 81' lang='lat' dir='ltr'>Tantus</span> <span class='ocrx_word' id='word_1_143' title='bbox 292 2662 373 2701; x_wconf 83' lang='lat' dir='ltr'>amor</span> <span class='ocrx_word' id='word_1_144' title='bbox 386 2645 480 2701; x_wconf 78' lang='lat' dir='ltr'>terraet</span> <span class='ocrx_word' id='word_1_145' title='bbox 504 2662 560 2701; x_wconf 91' lang='lat' dir='ltr'>neu</span> <span class='ocrx_word' id='word_1_146' title='bbox 574 2644 648 2701; x_wconf 88' lang='lat' dir='ltr'>ferro</span> <span class='ocrx_word' id='word_1_147' title='bbox 662 2645 734 2702; x_wconf 87' lang='lat' dir='ltr'>laede</span> <span class='ocrx_word' id='word_1_148' title='bbox 747 2645 843 2703; x_wconf 88' lang='lat' dir='ltr'>retuso</span> 
     </span>
     <span class='ocr_line' id='line_1_23' title="bbox 169 2746 866 2816; baseline 0.004 -13"><span class='ocrx_word' id='word_1_149' title='bbox 169 2746 283 2803; x_wconf 86' lang='lat' dir='ltr'>Semina</span> <span class='ocrx_word' id='word_1_150' title='bbox 289 2770 297 2816; x_wconf 91' lang='lat'>3</span> <span class='ocrx_word' id='word_1_151' title='bbox 321 2765 392 2805; x_wconf 86' lang='lat' dir='ltr'>neve</span> <span class='ocrx_word' id='word_1_152' title='bbox 405 2747 476 2804; x_wconf 84' lang='lat' dir='ltr'>oleae</span> <span class='ocrx_word' id='word_1_153' title='bbox 489 2747 618 2804; x_wconf 79' lang='lat' dir='ltr'>silvestris</span> <span class='ocrx_word' id='word_1_154' title='bbox 631 2746 723 2805; x_wconf 91' lang='lat' dir='ltr'>insere</span> <span class='ocrx_word' id='word_1_155' title='bbox 737 2757 866 2806; x_wconf 80' lang='lat' dir='ltr'>truncos:</span> 
     </span>
     <span class='ocr_line' id='line_1_24' title="bbox 169 2849 868 2927; baseline 0.003 -21"><span class='ocrx_word' id='word_1_156' title='bbox 169 2850 249 2907; x_wconf 87' lang='lat' dir='ltr'>Nam</span> <span class='ocrx_word' id='word_1_157' title='bbox 262 2849 336 2926; x_wconf 88' lang='lat' dir='ltr'>saepe</span> <span class='ocrx_word' id='word_1_158' title='bbox 348 2850 471 2908; x_wconf 87' lang='lat' dir='ltr'>incautis</span> <span class='ocrx_word' id='word_1_159' title='bbox 485 2850 643 2926; x_wconf 78' lang='lat' dir='ltr'>pastoribus</span> <span class='ocrx_word' id='word_1_160' title='bbox 657 2850 767 2907; x_wconf 85' lang='lat' dir='ltr'>excidit</span> <span class='ocrx_word' id='word_1_161' title='bbox 780 2850 868 2927; x_wconf 85' lang='lat' dir='ltr'>ignis,</span> 
     </span>
     <span class='ocr_line' id='line_1_25' title="bbox 170 2952 915 3029; baseline -0.001 -20"><span class='ocrx_word' id='word_1_162' title='bbox 170 2952 242 3021; x_wconf 79' lang='lat' dir='ltr'>oni,</span> <span class='ocrx_word' id='word_1_163' title='bbox 262 2952 364 3009; x_wconf 85' lang='lat' dir='ltr'>furtim</span> <span class='ocrx_word' id='word_1_164' title='bbox 378 2952 482 3029; x_wconf 84' lang='lat' dir='ltr'>pingui</span> <span class='ocrx_word' id='word_1_165' title='bbox 495 2952 624 3027; x_wconf 89' lang='lat' dir='ltr'>primum</span> <span class='ocrx_word' id='word_1_166' title='bbox 636 2952 688 3009; x_wconf 91' lang='lat' dir='ltr'>sub</span> <span class='ocrx_word' id='word_1_167' title='bbox 701 2953 808 3010; x_wconf 87' lang='lat' dir='ltr'>cortice</span> <span class='ocrx_word' id='word_1_168' title='bbox 822 2954 915 3020; x_wconf 71' lang='lat' dir='ltr'>tetius,</span> 
     </span>
     <span class='ocr_line' id='line_1_26' title="bbox 169 3055 919 3132; baseline -0.003 -20"><span class='ocrx_word' id='word_1_169' title='bbox 169 3055 282 3112; x_wconf 83' lang='lat' dir='ltr'>Robora</span> <span class='ocrx_word' id='word_1_170' title='bbox 296 3055 473 3130; x_wconf 83' lang='lat' dir='ltr'>conprendit,</span> <span class='ocrx_word' id='word_1_171' title='bbox 494 3055 668 3129; x_wconf 85' lang='lat' dir='ltr'>frondesque</span> <span class='ocrx_word' id='word_1_172' title='bbox 685 3055 796 3132; x_wconf 84' lang='lat' dir='ltr'>elapsus</span> <span class='ocrx_word' id='word_1_173' title='bbox 808 3056 841 3113; x_wconf 88' lang='lat' dir='ltr'>in</span> <span class='ocrx_word' id='word_1_174' title='bbox 854 3057 919 3113; x_wconf 74' lang='lat' dir='ltr'>altas</span> 
     </span>
     <span class='ocr_line' id='line_1_27' title="bbox 168 3157 887 3235; baseline 0.001 -20"><span class='ocrx_word' id='word_1_175' title='bbox 168 3159 322 3233; x_wconf 85' lang='lat' dir='ltr'>Ingentem</span> <span class='ocrx_word' id='word_1_176' title='bbox 336 3157 408 3215; x_wconf 87' lang='lat' dir='ltr'>coelo</span> <span class='ocrx_word' id='word_1_177' title='bbox 422 3158 547 3216; x_wconf 91' lang='lat' dir='ltr'>sonitum</span> <span class='ocrx_word' id='word_1_178' title='bbox 561 3158 650 3228; x_wconf 90' lang='lat' dir='ltr'>dedit,</span> <span class='ocrx_word' id='word_1_179' title='bbox 670 3158 739 3215; x_wconf 90' lang='lat' dir='ltr'>inde</span> <span class='ocrx_word' id='word_1_180' title='bbox 752 3158 887 3235; x_wconf 83' lang='lat' dir='ltr'>sequutus</span> 
     </span>
    </p>
   </div>
   <div class='ocr_carea' id='block_1_3' title="bbox 169 3260 924 3450">
    <p class='ocr_par' dir='ltr' id='par_1_5' title="bbox 169 3260 924 3450">
     <span class='ocr_line' id='line_1_28' title="bbox 169 3260 912 3339; baseline 0.003 -23"><span class='ocrx_word' id='word_1_181' title='bbox 169 3261 222 3317; x_wconf 88' lang='lat' dir='ltr'>Per</span> <span class='ocrx_word' id='word_1_182' title='bbox 234 3278 327 3317; x_wconf 87' lang='lat' dir='ltr'>ramos</span> <span class='ocrx_word' id='word_1_183' title='bbox 339 3260 429 3317; x_wconf 74' lang='lat' dir='ltr'>vittor</span> <span class='ocrx_word' id='word_1_184' title='bbox 441 3280 548 3336; x_wconf 90' lang='lat' dir='ltr'>perque</span> <span class='ocrx_word' id='word_1_185' title='bbox 561 3262 619 3319; x_wconf 82' lang='lat' dir='ltr'>alta</span> <span class='ocrx_word' id='word_1_186' title='bbox 632 3261 781 3319; x_wconf 87' lang='lat' dir='ltr'>cacumina</span> <span class='ocrx_word' id='word_1_187' title='bbox 794 3270 912 3339; x_wconf 77' lang='lat' dir='ltr'>regnat,¹</span> 
     </span>
     <span class='ocr_line' id='line_1_29' title="bbox 169 3343 924 3450; baseline -0.004 -28"><span class='ocrx_word' id='word_1_188' title='bbox 169 3362 208 3422; x_wconf 86' lang='lat' dir='ltr'>Et</span> <span class='ocrx_word' id='word_1_189' title='bbox 221 3343 314 3421; x_wconf 81' lang='lat' dir='ltr'>totnm</span> <span class='ocrx_word' id='word_1_190' title='bbox 327 3362 449 3421; x_wconf 86' lang='lat' dir='ltr'>involvit</span> <span class='ocrx_word' id='word_1_191' title='bbox 462 3364 586 3423; x_wconf 82' lang='lat' dir='ltr'>flammis</span> <span class='ocrx_word' id='word_1_192' title='bbox 599 3382 710 3443; x_wconf 68' lang='lat' dir='ltr'>nemun,</span> <span class='ocrx_word' id='word_1_193' title='bbox 723 3373 754 3423; x_wconf 88' lang='lat' dir='ltr'>et</span> <span class='ocrx_word' id='word_1_194' title='bbox 766 3365 828 3450; x_wconf 82' lang='lat' dir='ltr'>ruit</span> <span class='ocrx_word' id='word_1_195' title='bbox 840 3377 924 3423; x_wconf 83' lang='lat' dir='ltr'>atram</span> 
     </span>
    </p>
   </div>
   <div class='ocr_carea' id='block_1_4' title="bbox 0 0 1130 4050">
    <p class='ocr_par' dir='ltr' id='par_1_6' title="bbox 0 0 1130 4050">
     <span class='ocr_line' id='line_1_30' title="bbox 0 0 1130 4050; baseline 0 0"><span class='ocrx_word' id='word_1_196' title='bbox 0 0 1130 4050; x_wconf 95' lang='lat' dir='ltr'> </span> 
     </span>
    </p>
   </div>
  </div>
 </body>
</html>
