2250 4050
176 475 216 540 ῳ
410 463 740 533 Gnonolconi,
870 470 963 523 um

175 621 296 682 Arboris
306 621 431 682 obnixus
443 631 556 692 tnmco,
569 631 728 697 ventosque
740 618 851 680 laueffit

175 724 293 794 letibus,
312 734 343 782 et
355 724 449 802 spatii
461 726 498 784 nd
508 742 639 804 pugnam
651 724 780 801 proludit
792 722 887 783 arena.

175 828 247 900 Post,
267 827 317 888 ubi
329 828 492 887 melonum
503 830 600 896 robur,
611 826 744 904 viresque
756 826 882 895 refetlm

177 931 265 1008 Signo
272 939 379 1001 movet,
386 948 568 1008 praecepsque
575 928 702 988 oblitum
710 929 805 989 fertur
811 931 844 987 in
852 928 959 988 hostem:

177 1035 292 1094 Flueuu
304 1033 358 1104 uti,
377 1035 473 1093 medio
485 1033 574 1110 coepit
586 1051 679 1110 quum
691 1031 835 1092 albesoere
846 1043 935 1110 ponto,

177 1139 306 1217 Longius
317 1157 355 1197 ex
368 1138 483 1214 altoque
496 1137 594 1195 linum.
603 1135 693 1193 trahit
697 1160 707 1207 ς
727 1142 832 1211 utque,
844 1136 945 1195 volutus

177 1243 226 1302 Ad
240 1251 336 1311 tenna,
355 1242 471 1299 inmane
482 1238 564 1298 sonat
575 1256 626 1318 per
638 1238 715 1307 saxu,
734 1256 832 1315 neque
844 1237 905 1316 ipso

176 1347 281 1404 Monte
293 1346 388 1403 minor
400 1342 564 1421 procumbit
568 1366 578 1414 ;
598 1349 629 1400 at
640 1339 699 1398 ima
712 1341 850 1400 exaestuat
860 1340 930 1399 nnrla

176 1447 350 1517 Verticibun,
369 1446 541 1524 nigramque
553 1445 611 1503 alte
623 1440 763 1519 subjeuat
775 1456 899 1503 arenam.

216 1551 313 1611 Omne
330 1551 402 1609 adeo
420 1567 510 1627 geum
522 1548 554 1607 in
568 1545 658 1617 terris,
678 1545 893 1624 hominumque
899 1545 958 1604 serr·

293 1671 425 1728 rumque,

177 1760 216 1818 Et
228 1777 318 1837 genus
329 1773 492 1833 aequoreum
503 1753 636 1831 pecudes,
656 1751 799 1829 pifiaeque
811 1752 936 1818 voluere,

177 1865 212 1922 In
225 1862 313 1921 furias
325 1860 480 1939 ignemque
493 1865 595 1916 ruunt:
617 1866 697 1914 amor
708 1855 846 1915 omnibns
857 1857 933 1916 idean

175 1968 319 2044 Tempore
331 1962 468 2033 nonullo,
488 1959 651 2019 catulorum
661 1958 761 2030 oblita,
781 1959 873 2019 leaenn

177 2069 281 2128 Saevior
293 2067 397 2125 erravit
408 2065 531 2141 campie3
552 2081 607 2122 noc
619 2063 721 2121 funera
733 2063 821 2140 volgo

174 2174 251 2231 Tam
262 2171 353 2229 multa
366 2170 503 2228 informes
515 2168 571 2226 urii
582 2168 761 2243 stragemque
773 2168 878 2226 dedere

176 2278 229 2335 Per
241 2274 335 2333 filvas:
358 2282 422 2331 tum
434 2272 522 2330 saevur
536 2289 612 2348 apen,
632 2277 697 2327 tum
711 2269 829 2347 peffima
843 2268 930 2348 tigrin·

176 2379 258 2437 Heni
281 2378 433 2436 maletum
447 2374 547 2450 libyae
559 2372 625 2431 solie
636 2381 748 2430 erratur
759 2371 793 2431 in
806 2372 890 2451 agris.
958 2369 961 2373 ’

175 2482 283 2541 Nonne
295 2481 384 2548 vides,
403 2487 437 2536 ut
450 2487 509 2535 tota
522 2485 629 2533 tremor
640 2482 785 2552 pertentet
798 2491 930 2552 oquomm

176 2586 312 2661 Corpora,
326 2584 347 2641 sr
360 2590 474 2640 tantum
488 2587 570 2637 notas
582 2579 653 2635 odor
665 2576 771 2635 adtulit
783 2582 884 2637 aurae?

175 2691 222 2747 Ae
233 2705 326 2762 neque
335 2703 383 2743 eos
390 2683 450 2761 jam
460 2682 540 2740 frena
547 2680 653 2750 virum,
663 2698 759 2755 neque
765 2683 884 2740 verbera
893 2680 957 2740 sem

175 2792 245 2850 Non
253 2789 360 2867 scopuli
371 2803 511 2865 rupesque
517 2802 603 2851 cavae,
615 2791 702 2858 atque
709 2781 821 2859 objeen
831 2782 960 2843 retardant

175 2894 317 2962 Flumina,
337 2899 541 2967 conreptosqne
553 2885 632 2943 undl
645 2886 809 2961 torquentia
821 2887 921 2964 pontin
958 2881 963 2886 ’

176 3000 239 3077 Ipse
251 2997 311 3056 ruit
323 2996 475 3070 dentisque
487 2990 643 3049 Sabellicus
655 2990 772 3047 exacuit
781 2990 838 3060 sus,

176 3102 213 3159 Et
226 3101 299 3177 pede
311 3095 472 3176 prosubigit
484 3103 598 3161 terram,
619 3091 705 3150 fricat
717 3094 820 3152 arbore
831 3094 916 3153 ooflm
941 3158 944 3166 ,

175 3204 275 3279 Atque
296 3201 366 3258 hinc
379 3207 467 3276 atque
486 3196 582 3264 illinc,
599 3195 793 3272 humerosque
808 3197 846 3256 ad
857 3198 962 3256 vulno*

254 3304 347 3362 durat.

167 3409 253 3473 Quid
260 3406 391 3494 juvenis,
403 3423 549 3487 magnum
557 3400 868 3463 colummannus
878 3404 960 3480 igrrn
