2250 4050
105 374 197 443 ube.
404 367 504 429 LIB.
543 369 584 428 11.
875 370 914 429 65

99 529 274 605 Purpureae',
289 520 464 605 preci'laeqne:
486 534 589 603 etque
602 533 631 584 te
644 524 773 584 carmine
785 525 891 596 dicam,

114 629 258 688 Rhaetica?
279 648 335 687 nec
347 629 428 687 cellis
440 630 507 688 ideo
519 629 663 686 contende
675 629 811 688 Falernis.

118 733 186 790 Sunt
199 741 228 791 et
241 733 384 791 Aminaeae
396 733 479 802 vites,
500 732 657 790 sirmiffima
670 733 753 804 vina;

119 836 232 894 Tmolus
245 836 419 914 etadsurgit
432 836 546 913 quibus,
561 845 591 894 et
604 855 655 894 rex
667 836 727 915 ipse
740 836 892 909 Phanaeus,

124 938 280 1018 Argitisque
294 941 400 1012 minor,
420 940 468 998 cui
481 958 539 997 non
552 942 704 998 certaverit
717 941 786 1010 ulla,

130 1042 182 1100 Aut
192 1055 304 1103 tantum
316 1046 416 1114 fluere,
435 1053 486 1102 aut
499 1044 621 1102 totidem
635 1045 736 1103 durare
750 1063 803 1122 per
815 1062 914 1102 annos.

132 1143 188 1204 Non
199 1168 252 1226 ego
265 1159 305 1219 te,
326 1149 371 1206 dis
383 1157 413 1206 et
426 1148 529 1206 mensis
541 1148 662 1225 adcepta
675 1148 814 1218 secundis,

134 1245 297 1321 Transierim,
307 1251 419 1309 Rhodia
424 1276 433 1323 3
449 1261 479 1308 et
490 1251 619 1320 tumidis,
629 1251 770 1321 Bumaste‚
784 1252 914 1311 racemis.

138 1349 285 1432 dedisque,
299 1374 389 1430 quarn
401 1356 500 1412 multae
512 1354 628 1431 species,
644 1373 707 1425 nec,
720 1355 836 1414 nomina
850 1375 915 1433 quae

189 1444 256 1531 sint,

142 1552 174 1614 Ed
184 1579 323 1653 numerus,
339 1562 523 1637 nequeenim
535 1580 656 1621 numero
668 1564 860 1641 conprendere
871 1560 926 1620 re·'

89 1644 105 1785 Ξ,
197 1666 264 1724 fert:

89 1761 217 1827 Quem
228 1789 279 1847 qur
269 1769 366 1827 'scire
378 1769 458 1838 velit,
478 1740 581 1847 Libyci
594 1770 665 1828 velit
677 1767 798 1846 aequoris
810 1770 889 1827 idem

89 1790 94 1909 i
142 1861 183 1925 Dis
171 1869 233 1930 scere
245 1892 334 1949 quam
347 1874 447 1931 multae
460 1874 594 1951 Zephyro
609 1875 760 1931 turbentur
773 1892 879 1943 arenae,

142 1967 193 2046 Aut,
210 1978 259 2035 ubi
273 1977 398 2055 navigiis
410 1975 564 2037 violentior
573 1977 678 2036 incidit
691 1979 792 2050 Eurus,
903 1978 907 1985 ⁴

141 2067 214 2149 Nosse,
232 2091 304 2157 qu'ot
316 2081 394 2140 Ionii
404 2079 522 2140 veniant
534 2083 570 2140 ad
583 2082 667 2139 litora
678 2082 790 2141 flustus.

89 2205 94 2226 ι
169 2179 222 2242 Nec
233 2204 300 2243 vero
314 2195 397 2242 terrae
410 2185 484 2242 ferre
497 2203 597 2243 omnes
609 2186 705 2243 omnia
718 2186 849 2263 possunt:

91 2293 97 2386 ’Ξ
142 2273 297 2347 dominibus
309 2288 416 2357 salices,
436 2288 586 2366 craffisque
598 2290 748 2366 paludibus
762 2290 830 2357 alni,

93 2405 97 2446 ι
143 2377 296 2465 Nascuntur,
319 2392 425 2449 steriles
438 2392 538 2450 saxosis
552 2393 699 2451 montibus
711 2392 788 2450 omi:

93 2475 96 2482 ¹
144 2482 218 2553 Litora
230 2496 360 2574 myrtetis
372 2496 527 2555 laetissima
550 2497 675 2573 denique
688 2506 799 2573 apertos

95 2585 100 2650 '1
144 2582 245 2657 Bacchus
257 2610 335 2659 amat
348 2601 437 2670 collis,
457 2600 621 2677 aquilonem
633 2608 663 2657 et
676 2600 784 2675 frigora
799 2599 867 2657 tari.

89 2675 103 2756 'i
144 2690 260 2774 Adspice
255 2714 285 2762 et
298 2704 435 2762 extremis
448 2704 591 2761 domitum
604 2703 761 2762 cultoribus
774 2705 882 2772 orbem,

145 2788 246 2881 EGasque
258 2810 358 2866 domos
372 2810 510 2878 Arabum,
530 2807 677 2885 pisiosque
688 2807 831 2876 Gelonos,

145 2890 228 2972 liliisae
240 2912 386 2970 arboribus
398 2912 510 2987 patriae:
533 2911 591 2969 sola
605 2910 687 2968 India
700 2910 818 2985 nigrum
869 2973 872 2978 ¹

145 2992 193 3062 Fert
203 3014 335 3087 ebenum,
357 3014 422 3072 solis
435 3016 474 3072 est
487 3024 568 3073 turea
580 3015 660 3090 virga
675 3013 789 3070 Sabaeis.

98 3133 102 3194 ι
147 3097 208 3169 Quid
218 3117 268 3176 tibi
281 3119 399 3177 odorato
412 3120 534 3177 referam
548 3118 679 3175 sudantia
693 3117 775 3193 ligno

98 3197 197 3276 .sB³l
184 3211 311 3299 s‚dmaqne
332 3231 362 3279 et
375 3223 473 3280 baccas
487 3222 598 3299 semper
610 3220 769 3278 frondentis
782 3220 914 3278 acanthi?

148 3301 210 3374 Quid
220 3341 332 3394 nemora
344 3325 527 3404 AEthiopum,
547 3325 630 3384 molli
643 3322 776 3383 canentia
788 3324 871 3383 land?

510 3424 528 3462 s
