2250 4050
134 450 231 513 v.49.
395 445 623 504 ECLOGA
660 444 699 503 V.
905 453 942 517 ¹9

135 575 295 654 Fortunate
308 616 388 673 puer,
409 609 441 658 tu
454 619 532 658 nunc
542 600 597 658 eris
609 601 681 658 alter
694 600 730 656 ab
740 597 802 655 illo.

134 699 200 756 Nos
234 710 334 757 tamen
366 701 427 759 haec
454 720 637 779 quocumque
661 702 748 759 modo
771 699 826 758 tibi
849 699 942 759 nostra

216 801 340 860 vicillim

133 905 276 963 Dicemus
281 930 291 978 ;
313 907 509 984 Daphninque
523 918 607 969 tuum
619 909 751 967 tollemus
763 908 801 965 ad
812 907 900 966 astra:

99 1013 104 1019 '
134 1008 279 1085 Daphnin
305 1011 342 1067 ad
369 1012 441 1069 astra
463 1012 603 1070 feremus:
625 1011 733 1070 amavit
756 1028 942 1087 unaquoque

217 1114 359 1190 Daphnis.

362 1256 367 1263 -
479 1238 609 1277 uorsus.
738 1279 740 1283 ,

135 1321 188 1377 An
204 1319 363 1395 quidquam
374 1319 457 1379 nobis
470 1321 522 1378 tali
535 1322 568 1378 ht
579 1313 697 1379 munere
710 1319 817 1396 majus?

134 1423 183 1489 Et,
205 1442 285 1498 puer,
304 1423 365 1500 ipse
377 1423 436 1480 fuit
448 1423 556 1481 cantari
569 1424 686 1500 dignus3
708 1423 801 1481 etita

136 1527 207 1602 Jam
219 1525 331 1602 pridem
346 1526 486 1587 Stimicon
500 1525 627 1584 laudavit
637 1526 764 1584 carmina
778 1525 869 1584 nobis.
884 1601 886 1605 Ι

455 1647 629 1687 manaseas.

138 1730 289 1789 Candidus
302 1724 447 1789 insuetum
459 1731 581 1790 miratur
593 1731 683 1789 limen
697 1730 826 1807 Olympi,

139 1813 200 1892 Sub
213 1834 392 1910 pedibusque
404 1833 485 1896 videt
498 1837 588 1892 nubes
600 1843 631 1891 et
643 1834 730 1891 fiderat
744 1832 884 1910 Daphnis.

138 1939 219 2012 Ergo
230 1936 329 1994 alacris
336 1937 430 2006 hlvas,
450 1946 480 1994 et
493 1945 586 1994 cetera
599 1955 674 2005 rura,
693 1936 832 2014 voluptas,

139 2042 285 2116 Panaque,
304 2040 481 2116 pastoresque
494 2049 582 2109 tenet,
602 2040 787 2117 Dryadasque
798 2040 921 2118 puellas:

139 2145 208 2201 Nec
221 2143 305 2219 lupus
319 2143 432 2201 infidias
445 2144 551 2221 pecori,
571 2162 625 2200 nec
639 2142 710 2200 retia
723 2142 813 2201 cervis
913 2206 916 2210 ⁴

139 2246 211 2305 Ulla
224 2245 323 2303 dolum
335 2245 523 2304 meditantur:
547 2256 625 2304 amat
632 2248 724 2303 bonus
733 2245 792 2303 otia
803 2245 943 2323 Daphnis.

140 2349 200 2425 Ipfi
214 2347 317 2406 laetitia
329 2367 411 2405 voees
421 2349 458 2405 ad
470 2348 558 2407 fidera
568 2347 678 2425 jailant

141 2451 253 2508 Intonfi
264 2460 390 2523 montes5
412 2450 479 2527 ipsae
487 2450 550 2529 jam
562 2451 689 2509 carmina
703 2470 794 2529 rupes,

140 2554 209 2631 lpsa
222 2554 324 2612 sonant
336 2553 460 2626 arhusta;
481 2554 570 2623 Deus,
591 2555 659 2611 deus
672 2553 730 2623 ille,
750 2554 899 2614 Menalca!

142 2658 186 2715 Sis
200 2659 292 2715 bonus
304 2675 332 2728 o,
352 2655 489 2731 felixque,
504 2656 574 2714 tuis!
597 2676 634 2714 en
646 2667 768 2733 quatuor
780 2659 856 2715 arasl
899 2694 901 2697 >

143 2764 219 2820 Eece
232 2764 302 2821 duas
316 2761 381 2832 tibi,
390 2821 393 2825 ,
402 2760 529 2838 Daphni,
550 2762 621 2818 duas
633 2760 732 2818 altaria
746 2761 865 2819 Phoebol

143 2865 249 2924 Pocula
262 2864 340 2934 bina,
356 2882 430 2922 novo
444 2863 606 2939 spumantia
619 2864 701 2932 laete,
714 2873 785 2938 quot
798 2863 880 2921 annis

143 2970 335 3043 Craterasque
348 2967 406 3023 duo
418 2966 538 3023 statuam
552 2965 608 3022 tibi
621 2965 738 3041 pinguis
751 2965 835 3035 oliti5

143 3072 192 3139 Et,
212 3070 306 3127 multo
319 3068 351 3125 in
363 3068 463 3145 primis
474 3067 600 3125 hilarans
614 3067 744 3124 convivia
759 3067 881 3138 Bacch0,

143 3175 226 3231 Ante
240 3172 348 3241 focum,
369 3169 496 3246 fifrigus
509 3169 574 3238 erit,
596 3169 616 3225 fi
631 3170 732 3240 meffis,
752 3170 784 3227 in
797 3171 908 3242 umbri,

143 3275 223 3333 Vina
236 3292 344 3331 novum
358 3272 481 3329 fundam
494 3271 613 3328 calathis
625 3271 739 3330 Atiusta
752 3273 858 3331 neilar.

146 3379 315 3435 Cantabunt
327 3373 402 3432 mihi
415 3374 564 3432 Damoetas
577 3382 607 3430 et
620 3374 736 3450 Lydius
750 3376 848 3451 AEgon
856 3400 864 3446 ς
