2250 4050
208 458 249 519 aa
424 454 758 528 euosercou
905 464 995 530 vius.

209 613 370 693 ingredior,
389 612 499 672 sanctos
512 613 596 671 ausus
608 614 756 672 recludere
768 613 875 687 fontis;

211 719 416 794 Ascraeumque
426 736 499 775 cano
511 719 642 775 Romana
654 736 706 793 per
718 719 826 794 oppida
839 736 955 777 cernua.

249 823 340 881 Nunc
357 822 437 878 locus
453 840 587 879 arvorum
598 821 724 898 ingeniis
728 847 738 892 5
760 841 827 898 quae
838 825 936 881 robora
946 819 993 879 cui·

328 944 393 1001 que,

213 1028 289 1088 uuis
301 1030 389 1098 color,
408 1039 438 1086 et
451 1047 516 1105 quae
529 1029 564 1086 srt
576 1030 660 1086 rebus
672 1036 776 1086 natura
786 1029 920 1088 ferendis.

211 1133 355 1191 Difficiles
367 1133 493 1209 primum
508 1142 599 1200 terrae,
619 1131 764 1207 collesque
775 1133 908 1210 maligni,

210 1237 321 1294 Tenuis
333 1237 385 1295 ubi
398 1236 509 1313 argilla,
529 1245 560 1293 et
572 1235 696 1292 dumofis
712 1235 841 1294 calculus
853 1236 934 1305 arvis,

211 1340 337 1398 Palladia
350 1341 478 1416 gaudent
491 1339 560 1395 filvl
573 1338 679 1396 vivacis
691 1337 785 1397 olivae.

211 1443 325 1501 Indicio
338 1443 387 1512 est,
408 1443 500 1501 tractu
514 1442 633 1518 surgens
645 1442 763 1501 oleaster
775 1445 880 1502 eodem

211 1547 364 1617 Plurimus,
384 1556 415 1603 et
428 1546 506 1613 strati
518 1547 614 1604 baccis
627 1547 797 1605 filvestribus
810 1548 885 1624 agri.
992 1583 995 1587 -

212 1654 255 1708 At
268 1671 332 1726 quae
345 1650 461 1727 pinguis
474 1650 589 1720 humus,
608 1651 745 1727 dulcique
756 1651 872 1727 uligine
882 1651 951 1716 laeta,

213 1755 333 1830 Quique
345 1755 480 1829 frequens
493 1753 590 1812 herbis
602 1763 633 1811 et
644 1754 748 1811 fertilis
761 1756 850 1812 ubere
864 1769 978 1829 campus,

213 1858 341 1915 Qualem
354 1857 427 1934 saepe
441 1857 510 1914 cavi
522 1857 630 1915 montis
641 1857 774 1916 convalle
786 1857 909 1916 solemus

212 1960 370 2037 Dispicere,
390 1961 448 2018 huc
462 1961 581 2018 summis
592 1961 745 2038 liquuntur
755 1961 876 2039 rupibus
888 1974 981 2024 amnes,

211 2065 396 2141 Felicemque
410 2066 527 2123 trahunt
544 2065 662 2136 limum3
684 2065 792 2142 quique
804 2066 900 2124 editus
910 2063 994 2126 austro,

211 2170 251 2225 Et
263 2168 372 2225 filicem
384 2169 478 2227 curvis
490 2168 613 2227 invisam
625 2168 717 2245 pascit
728 2168 828 2227 aratris
833 2195 843 2240 ς

212 2270 341 2329 Hictibi
354 2272 521 2347 praevalidas
533 2273 605 2329 olim
618 2273 768 2347 multoque
779 2273 898 2330 fluentis
990 2308 992 2311 >

212 2376 342 2433 Sufficiet
354 2376 467 2433 Baccho
479 2375 547 2433 vitis
552 2401 560 2446 ;
583 2376 632 2434 hic
644 2376 749 2433 fertilis
760 2396 833 2446 uvae,

210 2480 271 2537 Hic
283 2479 386 2549 laticis,
407 2479 522 2554 qualem
535 2479 640 2554 pateris
652 2480 775 2537 libamus
787 2489 818 2536 et
831 2498 908 2549 auro,
1025 2520 1028 2525 -

212 2582 330 2640 Inflavit
342 2602 433 2658 quum
445 2583 562 2660 pinguis
575 2585 647 2640 ebur
658 2582 825 2658 Tyrrhenus
835 2584 872 2639 ad
882 2600 947 2649 aras,

212 2686 356 2750 Lancibus
369 2695 399 2743 et
412 2687 513 2763 pandis
526 2686 670 2744 fumantia
684 2685 830 2743 reddimus
842 2696 917 2744 exta.

212 2792 262 2849 Sin
275 2800 406 2849 armenta
421 2790 514 2866 magis
528 2789 654 2847 studium
665 2788 828 2864 vitulosque
841 2790 923 2857 tueri,

212 2896 275 2951 Aut
288 2894 363 2951 fetus
376 2892 484 2960 ovium,
505 2902 555 2950 aut
567 2893 677 2950 urentis
688 2892 766 2950 culta
779 2893 914 2969 capellas3

212 2999 314 3065 Saltus,
335 3006 365 3053 et
377 2995 465 3053 saturi
478 2995 569 3073 petito
582 2996 739 3073 longinqua
753 2997 884 3064 Tarenti,

212 3102 251 3157 Et
264 3100 379 3175 qualem
393 3099 496 3157 infelix
509 3100 604 3158 amitit
616 3102 739 3157 Mantua
752 3101 898 3175 campum,

1032 1712 1036 1778 l

213 3203 381 3261 Pascentem
394 3203 491 3261 niveos
504 3203 624 3262 herboso
636 3204 758 3261 flumine
770 3222 890 3279 cycnos:

211 3308 282 3364 Non
288 3304 392 3381 liquidi
400 3307 535 3382 gregibus
544 3308 647 3377 fontes,
657 3326 715 3365 non
726 3306 867 3383 gramina,
875 3305 993 3365 deerunta

202 3411 252 3484 Et,
268 3419 414 3491 quantum
426 3410 525 3491 longis
538 3421 664 3491 carpent
673 3410 922 3477 armenta-liebus,
951 3471 953 3475 ,
