<?xml version="1.0" encoding="UTF-8"?>
<!DOCTYPE html PUBLIC "-//W3C//DTD XHTML 1.0 Transitional//EN"
    "http://www.w3.org/TR/xhtml1/DTD/xhtml1-transitional.dtd">
<html xmlns="http://www.w3.org/1999/xhtml" xml:lang="en" lang="en">
 <head>
  <title>
</title>
<meta http-equiv="Content-Type" content="text/html;charset=utf-8" />
  <meta name='ocr-system' content='tesseract 3.04.00' />
  <meta name='ocr-capabilities' content='ocr_page ocr_carea ocr_par ocr_line ocrx_word'/>
</head>
<body>
  <div class='ocr_page' id='page_1' title='image "./pvirgiliimaroni03marogoog/pvirgiliimaroni03marogoog_0295.png"; bbox 0 0 2250 4050; ppageno 0'>
   <div class='ocr_carea' id='block_1_1' title="bbox 389 429 704 481">
    <p class='ocr_par' dir='ltr' id='par_1_1' title="bbox 389 429 704 481">
     <span class='ocr_line' id='line_1_1' title="bbox 389 429 704 481; baseline -0.01 0"><span class='ocrx_word' id='word_1_1' title='bbox 389 434 392 438; x_wconf 76' lang='grc'><strong>’</strong></span> <span class='ocrx_word' id='word_1_2' title='bbox 436 429 704 481; x_wconf 61' lang='lat' dir='ltr'>Notum-3</span> 
     </span>
    </p>
   </div>
   <div class='ocr_carea' id='block_1_2' title="bbox 132 569 945 1794">
    <p class='ocr_par' dir='ltr' id='par_1_2' title="bbox 132 569 941 902">
     <span class='ocr_line' id='line_1_2' title="bbox 133 569 938 639; baseline -0.006 -17"><span class='ocrx_word' id='word_1_3' title='bbox 133 584 168 622; x_wconf 88' lang='lat' dir='ltr'>tor</span> <span class='ocrx_word' id='word_1_4' title='bbox 178 589 258 623; x_wconf 88' lang='lat' dir='ltr'>verum</span> <span class='ocrx_word' id='word_1_5' title='bbox 267 576 388 636; x_wconf 80' lang='lat' dir='ltr'>genitorem</span> <span class='ocrx_word' id='word_1_6' title='bbox 398 576 527 639; x_wconf 80' lang='lat' dir='ltr'>‘Cyrenes&#39;</span> <span class='ocrx_word' id='word_1_7' title='bbox 537 577 577 624; x_wconf 78' lang='lat' dir='ltr'>eise</span> <span class='ocrx_word' id='word_1_8' title='bbox 586 578 701 623; x_wconf 82' lang='lat' dir='ltr'>‘Peneum</span> <span class='ocrx_word' id='word_1_9' title='bbox 708 574 725 620; x_wconf 80' lang='lat' dir='ltr'>r&#39;</span> <span class='ocrx_word' id='word_1_10' title='bbox 741 586 795 619; x_wconf 86' lang='lat' dir='ltr'>mox</span> <span class='ocrx_word' id='word_1_11' title='bbox 809 569 885 619; x_wconf 69' lang='lat' dir='ltr'>autim</span> <span class='ocrx_word' id='word_1_12' title='bbox 901 572 938 619; x_wconf 85' lang='lat' dir='ltr'>in·</span> 
     </span>
     <span class='ocr_line' id='line_1_3' title="bbox 132 662 938 723; baseline -0.004 -13"><span class='ocrx_word' id='word_1_13' title='bbox 132 664 191 710; x_wconf 72' lang='lat' dir='ltr'>dodii</span> <span class='ocrx_word' id='word_1_14' title='bbox 202 664 283 723; x_wconf 70' lang='lat' dir='ltr'>scribae,</span> <span class='ocrx_word' id='word_1_15' title='bbox 299 667 414 712; x_wconf 79' lang='lat' dir='ltr'>metricam</span> <span class='ocrx_word' id='word_1_16' title='bbox 431 666 537 712; x_wconf 82' lang='lat' dir='ltr'>rationem</span> <span class='ocrx_word' id='word_1_17' title='bbox 554 664 673 713; x_wconf 73' lang='lat' dir='ltr'>dictionis⁴</span> <span class='ocrx_word' id='word_1_18' title='bbox 680 662 763 710; x_wconf 84' lang='lat' dir='ltr'>Penei&#39;</span> <span class='ocrx_word' id='word_1_19' title='bbox 775 677 818 708; x_wconf 88' lang='lat' dir='ltr'>non</span> <span class='ocrx_word' id='word_1_20' title='bbox 829 671 938 718; x_wconf 75' lang='lat' dir='ltr'>tenentes,</span> 
     </span>
     <span class='ocr_line' id='line_1_4' title="bbox 133 745 941 816; baseline -0.005 -18"><span class='ocrx_word' id='word_1_21' title='bbox 133 745 334 816; x_wconf 69' lang='lat' dir='ltr'>interpretationem</span> <span class='ocrx_word' id='word_1_22' title='bbox 352 753 421 815; x_wconf 83' lang='lat' dir='ltr'>ipsam</span> <span class='ocrx_word' id='word_1_23' title='bbox 437 755 460 800; x_wconf 87' lang='lat' dir='ltr'>in</span> <span class='ocrx_word' id='word_1_24' title='bbox 475 763 562 800; x_wconf 85' lang='lat' dir='ltr'>textum</span> <span class='ocrx_word' id='word_1_25' title='bbox 578 763 713 815; x_wconf 76' lang='lat' dir='ltr'>receperunt,</span> <span class='ocrx_word' id='word_1_26' title='bbox 729 746 816 797; x_wconf 76' lang='lat' dir='ltr'>extrusi</span> <span class='ocrx_word' id='word_1_27' title='bbox 826 746 878 795; x_wconf 70' lang='lat' dir='ltr'>veri</span> <span class='ocrx_word' id='word_1_28' title='bbox 894 751 941 796; x_wconf 85' lang='lat' dir='ltr'>lec-</span> 
     </span>
     <span class='ocr_line' id='line_1_5' title="bbox 134 839 826 902; baseline -0.003 -15"><span class='ocrx_word' id='word_1_29' title='bbox 134 844 200 888; x_wconf 89' lang='lat' dir='ltr'>tione.</span> <span class='ocrx_word' id='word_1_30' title='bbox 234 844 269 888; x_wconf 92' lang='lat' dir='ltr'>De</span> <span class='ocrx_word' id='word_1_31' title='bbox 279 839 319 889; x_wconf 74' lang='lat' dir='ltr'>hic</span> <span class='ocrx_word' id='word_1_32' title='bbox 330 843 378 890; x_wconf 81' lang='lat' dir='ltr'>criti</span> <span class='ocrx_word' id='word_1_33' title='bbox 390 858 434 888; x_wconf 90' lang='lat' dir='ltr'>non</span> <span class='ocrx_word' id='word_1_34' title='bbox 446 841 563 888; x_wconf 86' lang='lat' dir='ltr'>reformido</span> <span class='ocrx_word' id='word_1_35' title='bbox 572 841 681 902; x_wconf 89' lang='lat' dir='ltr'>judicium</span> <span class='ocrx_word' id='word_1_36' title='bbox 693 840 826 886; x_wconf 71' lang='lat' dir='ltr'>noeriorum.</span> 
     </span>
    </p>

    <p class='ocr_par' dir='ltr' id='par_1_3' title="bbox 135 926 945 1348">
     <span class='ocr_line' id='line_1_6' title="bbox 165 926 942 991; baseline -0.006 -14"><span class='ocrx_word' id='word_1_37' title='bbox 165 930 222 977; x_wconf 90' lang='lat' dir='ltr'>Ver.</span> <span class='ocrx_word' id='word_1_38' title='bbox 232 943 291 991; x_wconf 84' lang='lat'>425.</span> <span class='ocrx_word' id='word_1_39' title='bbox 313 932 421 977; x_wconf 84' lang='lat' dir='ltr'>Librarius</span> <span class='ocrx_word' id='word_1_40' title='bbox 437 931 460 977; x_wconf 91' lang='lat' dir='ltr'>in</span> <span class='ocrx_word' id='word_1_41' title='bbox 471 930 560 976; x_wconf 86' lang='lat' dir='ltr'>vocibus</span> <span class='ocrx_word' id='word_1_42' title='bbox 576 928 692 990; x_wconf 84' lang='lat' dir='ltr'>‘rapidus’</span> <span class='ocrx_word' id='word_1_43' title='bbox 704 938 726 974; x_wconf 85' lang='lat' dir='ltr'>et</span> <span class='ocrx_word' id='word_1_44' title='bbox 737 926 854 973; x_wconf 80' lang='lat' dir='ltr'>‘rabidus&#39;</span> <span class='ocrx_word' id='word_1_45' title='bbox 866 926 942 989; x_wconf 83' lang='lat' dir='ltr'>paffim</span> 
     </span>
     <span class='ocr_line' id='line_1_7' title="bbox 137 1013 943 1081; baseline -0.006 -15"><span class='ocrx_word' id='word_1_46' title='bbox 137 1019 228 1076; x_wconf 84' lang='lat' dir='ltr'>turbari,</span> <span class='ocrx_word' id='word_1_47' title='bbox 239 1020 287 1081; x_wconf 82' lang='lat' dir='ltr'>quis</span> <span class='ocrx_word' id='word_1_48' title='bbox 297 1020 378 1067; x_wconf 78' lang='lat' dir='ltr'>nescit?</span> <span class='ocrx_word' id='word_1_49' title='bbox 396 1029 418 1066; x_wconf 93' lang='lat' dir='ltr'>et</span> <span class='ocrx_word' id='word_1_50' title='bbox 426 1030 471 1066; x_wconf 85' lang='lat' dir='ltr'>erat</span> <span class='ocrx_word' id='word_1_51' title='bbox 480 1018 656 1080; x_wconf 72' lang='lat' dir='ltr'>expediandum:</span> <span class='ocrx_word' id='word_1_52' title='bbox 674 1016 709 1062; x_wconf 84' lang='lat' dir='ltr'>sed</span> <span class='ocrx_word' id='word_1_53' title='bbox 717 1016 744 1062; x_wconf 90' lang='lat' dir='ltr'>de</span> <span class='ocrx_word' id='word_1_54' title='bbox 754 1019 762 1046; x_wconf 84' lang='lat'>‘</span> <span class='ocrx_word' id='word_1_55' title='bbox 773 1015 850 1071; x_wconf 81' lang='lat' dir='ltr'>Sitio,&#39;</span> <span class='ocrx_word' id='word_1_56' title='bbox 866 1013 943 1078; x_wconf 73' lang='lat' dir='ltr'>utpotd</span> 
     </span>
     <span class='ocr_line' id='line_1_8' title="bbox 135 1105 945 1171; baseline -0.002 -17"><span class='ocrx_word' id='word_1_57' title='bbox 135 1109 219 1165; x_wconf 85' lang='lat' dir='ltr'>‘cane,’</span> <span class='ocrx_word' id='word_1_58' title='bbox 230 1107 293 1153; x_wconf 85' lang='lat' dir='ltr'>verba</span> <span class='ocrx_word' id='word_1_59' title='bbox 304 1105 393 1165; x_wconf 82' lang='lat' dir='ltr'>faciens,</span> <span class='ocrx_word' id='word_1_60' title='bbox 409 1119 432 1155; x_wconf 89' lang='lat' dir='ltr'>et</span> <span class='ocrx_word' id='word_1_61' title='bbox 444 1107 536 1171; x_wconf 86' lang='lat' dir='ltr'>prudens</span> <span class='ocrx_word' id='word_1_62' title='bbox 546 1117 569 1154; x_wconf 88' lang='lat' dir='ltr'>et</span> <span class='ocrx_word' id='word_1_63' title='bbox 578 1107 662 1166; x_wconf 79' lang='lat' dir='ltr'>eiegans</span> <span class='ocrx_word' id='word_1_64' title='bbox 672 1105 744 1168; x_wconf 65' lang='lat' dir='ltr'>poita,</span> <span class='ocrx_word' id='word_1_65' title='bbox 760 1121 805 1152; x_wconf 89' lang='lat' dir='ltr'>nou</span> <span class='ocrx_word' id='word_1_66' title='bbox 816 1105 888 1167; x_wconf 90' lang='lat' dir='ltr'>potuit</span> <span class='ocrx_word' id='word_1_67' title='bbox 899 1121 945 1152; x_wconf 85' lang='lat' dir='ltr'>non</span> 
     </span>
     <span class='ocr_line' id='line_1_9' title="bbox 140 1190 945 1259; baseline -0.002 -17"><span class='ocrx_word' id='word_1_68' title='bbox 140 1194 240 1243; x_wconf 77' lang='lat' dir='ltr'>adhibere</span> <span class='ocrx_word' id='word_1_69' title='bbox 250 1196 377 1253; x_wconf 73' lang='lat' dir='ltr'>difflonem,</span> <span class='ocrx_word' id='word_1_70' title='bbox 392 1213 460 1259; x_wconf 85' lang='lat' dir='ltr'>quam</span> <span class='ocrx_word' id='word_1_71' title='bbox 472 1198 505 1244; x_wconf 92' lang='lat' dir='ltr'>illi</span> <span class='ocrx_word' id='word_1_72' title='bbox 516 1197 667 1244; x_wconf 82' lang='lat' dir='ltr'>redonavimus</span> <span class='ocrx_word' id='word_1_73' title='bbox 676 1209 703 1242; x_wconf 81' lang='lat' dir='ltr'>ex</span> <span class='ocrx_word' id='word_1_74' title='bbox 712 1190 845 1257; x_wconf 68' lang='lat' dir='ltr'>conjectori.</span> <span class='ocrx_word' id='word_1_75' title='bbox 877 1192 945 1243; x_wconf 82' lang='lat' dir='ltr'>Hadd</span> 
     </span>
     <span class='ocr_line' id='line_1_10' title="bbox 139 1283 537 1348; baseline 0.003 -17"><span class='ocrx_word' id='word_1_76' title='bbox 139 1283 202 1333; x_wconf 72' lang='lat' dir='ltr'>alitdr</span> <span class='ocrx_word' id='word_1_77' title='bbox 212 1285 326 1344; x_wconf 84' lang='lat' dir='ltr'>Horatius,</span> <span class='ocrx_word' id='word_1_78' title='bbox 343 1286 389 1333; x_wconf 87' lang='lat' dir='ltr'>Od.</span> <span class='ocrx_word' id='word_1_79' title='bbox 402 1286 434 1332; x_wconf 88' lang='lat' dir='ltr'>iii.</span> <span class='ocrx_word' id='word_1_80' title='bbox 445 1300 484 1348; x_wconf 84' lang='lat'>²9·</span> <span class='ocrx_word' id='word_1_81' title='bbox 500 1285 537 1334; x_wconf 74' lang='lat'>18.</span> 
     </span>
    </p>

    <p class='ocr_par' dir='ltr' id='par_1_4' title="bbox 140 1371 875 1794">
     <span class='ocr_line' id='line_1_11' title="bbox 268 1371 738 1437; baseline -0.004 -16"><span class='ocrx_word' id='word_1_82' title='bbox 268 1407 463 1423; x_wconf 86' lang='lat'><strong>.........</strong></span> <span class='ocrx_word' id='word_1_83' title='bbox 479 1375 527 1436; x_wconf 88' lang='lat' dir='ltr'>jam</span> <span class='ocrx_word' id='word_1_84' title='bbox 538 1375 657 1437; x_wconf 82' lang='lat' dir='ltr'>‘Procyon</span> <span class='ocrx_word' id='word_1_85' title='bbox 668 1371 738 1430; x_wconf 59' lang='lat' dir='ltr'>fimf</span> 
     </span>
     <span class='ocr_line' id='line_1_12' title="bbox 299 1463 609 1510; baseline -0.006 0"><span class='ocrx_word' id='word_1_86' title='bbox 299 1465 329 1510; x_wconf 87' lang='lat' dir='ltr'>Et</span> <span class='ocrx_word' id='word_1_87' title='bbox 339 1465 399 1510; x_wconf 82' lang='lat' dir='ltr'>stella</span> <span class='ocrx_word' id='word_1_88' title='bbox 409 1469 416 1495; x_wconf 83' lang='lat'>‘</span> <span class='ocrx_word' id='word_1_89' title='bbox 425 1463 498 1510; x_wconf 76' lang='lat' dir='ltr'>vesani</span> <span class='ocrx_word' id='word_1_90' title='bbox 508 1463 609 1510; x_wconf 77' lang='lat' dir='ltr'>Leonise&#39;</span> 
     </span>
     <span class='ocr_line' id='line_1_13' title="bbox 140 1551 559 1615; baseline 0 -17"><span class='ocrx_word' id='word_1_91' title='bbox 140 1569 209 1615; x_wconf 84' lang='lat' dir='ltr'>quem</span> <span class='ocrx_word' id='word_1_92' title='bbox 220 1552 343 1598; x_wconf 85' lang='lat' dir='ltr'>subsecutus</span> <span class='ocrx_word' id='word_1_93' title='bbox 353 1552 438 1598; x_wconf 82' lang='lat' dir='ltr'>Persius</span> <span class='ocrx_word' id='word_1_94' title='bbox 447 1553 478 1598; x_wconf 89' lang='lat' dir='ltr'>est</span> <span class='ocrx_word' id='word_1_95' title='bbox 488 1551 520 1599; x_wconf 87' lang='lat' dir='ltr'>iii.</span> <span class='ocrx_word' id='word_1_96' title='bbox 539 1563 559 1612; x_wconf 78' lang='grc' dir='ltr'><strong>ς.</strong></span> 
     </span>
     <span class='ocr_line' id='line_1_14' title="bbox 295 1637 875 1689; baseline -0.007 -1"><span class='ocrx_word' id='word_1_97' title='bbox 295 1671 476 1689; x_wconf 85' lang='grc'><strong>........</strong></span> <span class='ocrx_word' id='word_1_98' title='bbox 493 1640 556 1687; x_wconf 74' lang='lat' dir='ltr'>siccas</span> <span class='ocrx_word' id='word_1_99' title='bbox 568 1640 656 1686; x_wconf 80' lang='lat' dir='ltr'>‘insana</span> <span class='ocrx_word' id='word_1_100' title='bbox 665 1638 788 1685; x_wconf 66' lang='lat' dir='ltr'>Canicula*</span> <span class='ocrx_word' id='word_1_101' title='bbox 799 1637 875 1685; x_wconf 75' lang='lat' dir='ltr'>medies</span> 
     </span>
     <span class='ocr_line' id='line_1_15' title="bbox 269 1729 509 1794; baseline -0.004 -18"><span class='ocrx_word' id='word_1_102' title='bbox 269 1732 322 1794; x_wconf 82' lang='lat' dir='ltr'>Jam</span> <span class='ocrx_word' id='word_1_103' title='bbox 332 1729 417 1777; x_wconf 79' lang='lat' dir='ltr'>dudum</span> <span class='ocrx_word' id='word_1_104' title='bbox 427 1730 509 1792; x_wconf 89' lang='lat' dir='ltr'>coquit.</span> 
     </span>
    </p>
   </div>
   <div class='ocr_carea' id='block_1_3' title="bbox 143 1819 916 1968">
    <p class='ocr_par' dir='ltr' id='par_1_5' title="bbox 143 1819 916 1968">
     <span class='ocr_line' id='line_1_16' title="bbox 143 1819 369 1878; baseline -0.004 -11"><span class='ocrx_word' id='word_1_105' title='bbox 143 1819 262 1878; x_wconf 85' lang='lat' dir='ltr'>Manilius,</span> <span class='ocrx_word' id='word_1_106' title='bbox 277 1835 300 1866; x_wconf 85' lang='lat' dir='ltr'>v.</span> <span class='ocrx_word' id='word_1_107' title='bbox 312 1819 369 1866; x_wconf 80' lang='lat'>208.</span> 
     </span>
     <span class='ocr_line' id='line_1_17' title="bbox 270 1905 916 1968; baseline -0.002 -14"><span class='ocrx_word' id='word_1_108' title='bbox 270 1908 416 1968; x_wconf 85' lang='lat' dir='ltr'>Exoriturque</span> <span class='ocrx_word' id='word_1_109' title='bbox 427 1907 503 1964; x_wconf 85' lang='lat' dir='ltr'>Canis,</span> <span class='ocrx_word' id='word_1_110' title='bbox 519 1911 527 1939; x_wconf 86' lang='lat'>‘</span> <span class='ocrx_word' id='word_1_111' title='bbox 534 1907 641 1968; x_wconf 87' lang='lat' dir='ltr'>latratque</span> <span class='ocrx_word' id='word_1_112' title='bbox 651 1905 772 1953; x_wconf 80' lang='lat' dir='ltr'>Canicula&#39;</span> <span class='ocrx_word' id='word_1_113' title='bbox 789 1905 916 1964; x_wconf 75' lang='lat' dir='ltr'>flammam,</span> 
     </span>
    </p>
   </div>
   <div class='ocr_carea' id='block_1_4' title="bbox 144 1996 957 3467">
    <p class='ocr_par' dir='ltr' id='par_1_6' title="bbox 144 1996 516 2143">
     <span class='ocr_line' id='line_1_18' title="bbox 273 1996 516 2057; baseline -0.004 -13"><span class='ocrx_word' id='word_1_114' title='bbox 273 1999 302 2044; x_wconf 91' lang='lat' dir='ltr'>Et</span> <span class='ocrx_word' id='word_1_115' title='bbox 313 2003 321 2030; x_wconf 85' lang='lat'>‘</span> <span class='ocrx_word' id='word_1_116' title='bbox 331 1996 400 2044; x_wconf 88' lang='lat' dir='ltr'>rabit’</span> <span class='ocrx_word' id='word_1_117' title='bbox 413 1997 461 2057; x_wconf 80' lang='lat' dir='ltr'>igne</span> <span class='ocrx_word' id='word_1_118' title='bbox 471 1997 516 2043; x_wconf 85' lang='lat' dir='ltr'>suo.</span> 
     </span>
     <span class='ocr_line' id='line_1_19' title="bbox 144 2089 371 2143; baseline -0.009 -8"><span class='ocrx_word' id='word_1_119' title='bbox 144 2089 258 2143; x_wconf 82' lang='lat' dir='ltr'>Lucanus,</span> <span class='ocrx_word' id='word_1_120' title='bbox 276 2103 297 2135; x_wconf 86' lang='lat' dir='ltr'>x.</span> <span class='ocrx_word' id='word_1_121' title='bbox 316 2100 371 2134; x_wconf 83' lang='lat'>211.</span> 
     </span>
    </p>

    <p class='ocr_par' dir='ltr' id='par_1_7' title="bbox 276 2171 826 2237">
     <span class='ocr_line' id='line_1_20' title="bbox 276 2171 826 2237; baseline -0.004 -15"><span class='ocrx_word' id='word_1_122' title='bbox 276 2204 479 2223; x_wconf 84' lang='grc'><strong>.........</strong></span> <span class='ocrx_word' id='word_1_123' title='bbox 491 2179 500 2206; x_wconf 78' lang='lat'><strong><em>¹</em></strong></span> <span class='ocrx_word' id='word_1_124' title='bbox 512 2175 608 2223; x_wconf 84' lang='lat' dir='ltr'>rabidos&#39;</span> <span class='ocrx_word' id='word_1_125' title='bbox 618 2171 661 2237; x_wconf 67' lang='lat' dir='ltr'>qud</span> <span class='ocrx_word' id='word_1_126' title='bbox 672 2173 758 2221; x_wconf 85' lang='lat' dir='ltr'>‘Sirius</span> <span class='ocrx_word' id='word_1_127' title='bbox 767 2174 826 2234; x_wconf 76' lang='lat' dir='ltr'>ignee</span> 
     </span>
    </p>

    <p class='ocr_par' dir='ltr' id='par_1_8' title="bbox 147 2264 949 2579">
     <span class='ocr_line' id='line_1_21' title="bbox 279 2264 381 2311; baseline 0.01 -1"><span class='ocrx_word' id='word_1_128' title='bbox 279 2264 381 2311; x_wconf 79' lang='lat' dir='ltr'>Esserit:</span> 
     </span>
     <span class='ocr_line' id='line_1_22' title="bbox 147 2349 949 2415; baseline -0.001 -14"><span class='ocrx_word' id='word_1_129' title='bbox 147 2352 179 2401; x_wconf 64' lang='lat' dir='ltr'>it‘a</span> <span class='ocrx_word' id='word_1_130' title='bbox 194 2355 324 2415; x_wconf 80' lang='lat' dir='ltr'>legendum:</span> <span class='ocrx_word' id='word_1_131' title='bbox 339 2355 436 2400; x_wconf 83' lang='lat' dir='ltr'>consulas</span> <span class='ocrx_word' id='word_1_132' title='bbox 448 2353 477 2400; x_wconf 88' lang='lat' dir='ltr'>ibi</span> <span class='ocrx_word' id='word_1_133' title='bbox 488 2352 678 2415; x_wconf 88' lang='lat' dir='ltr'>Oudendoipium‚</span> <span class='ocrx_word' id='word_1_134' title='bbox 693 2362 716 2397; x_wconf 91' lang='lat' dir='ltr'>et</span> <span class='ocrx_word' id='word_1_135' title='bbox 725 2352 751 2397; x_wconf 85' lang='lat' dir='ltr'>ad</span> <span class='ocrx_word' id='word_1_136' title='bbox 761 2352 791 2397; x_wconf 88' lang='lat' dir='ltr'>vi.</span> <span class='ocrx_word' id='word_1_137' title='bbox 811 2349 849 2397; x_wconf 87' lang='grc'><strong>66.</strong></span> <span class='ocrx_word' id='word_1_138' title='bbox 859 2360 882 2397; x_wconf 92' lang='lat' dir='ltr'>et</span> <span class='ocrx_word' id='word_1_139' title='bbox 894 2364 949 2414; x_wconf 80' lang='lat'>337.</span> 
     </span>
     <span class='ocr_line' id='line_1_23' title="bbox 148 2436 949 2499; baseline -0.001 -10"><span class='ocrx_word' id='word_1_140' title='bbox 148 2459 189 2489; x_wconf 84' lang='lat' dir='ltr'>nec</span> <span class='ocrx_word' id='word_1_141' title='bbox 200 2459 244 2489; x_wconf 89' lang='lat' dir='ltr'>non</span> <span class='ocrx_word' id='word_1_142' title='bbox 255 2458 294 2489; x_wconf 90' lang='lat' dir='ltr'>nos</span> <span class='ocrx_word' id='word_1_143' title='bbox 304 2444 328 2489; x_wconf 88' lang='lat' dir='ltr'>in</span> <span class='ocrx_word' id='word_1_144' title='bbox 337 2439 395 2490; x_wconf 71' lang='lat' dir='ltr'>Silvi</span> <span class='ocrx_word' id='word_1_145' title='bbox 406 2438 499 2499; x_wconf 72' lang='lat' dir='ltr'>Critici,</span> <span class='ocrx_word' id='word_1_146' title='bbox 515 2441 566 2488; x_wconf 74' lang='lat' dir='ltr'>sedi.</span> <span class='ocrx_word' id='word_1_147' title='bbox 575 2440 636 2487; x_wconf 83' lang='lat' dir='ltr'>cxix.</span> <span class='ocrx_word' id='word_1_148' title='bbox 661 2438 756 2486; x_wconf 77' lang='lat' dir='ltr'>Pulchrd</span> <span class='ocrx_word' id='word_1_149' title='bbox 765 2440 845 2488; x_wconf 85' lang='lat' dir='ltr'>Cicero</span> <span class='ocrx_word' id='word_1_150' title='bbox 855 2440 879 2488; x_wconf 85' lang='lat' dir='ltr'>iu</span> <span class='ocrx_word' id='word_1_151' title='bbox 890 2436 949 2488; x_wconf 73' lang='lat' dir='ltr'>Ara·</span> 
     </span>
     <span class='ocr_line' id='line_1_24' title="bbox 147 2531 364 2579; baseline -0.005 -1"><span class='ocrx_word' id='word_1_152' title='bbox 147 2533 187 2579; x_wconf 92' lang='lat' dir='ltr'>teis</span> <span class='ocrx_word' id='word_1_153' title='bbox 198 2532 224 2578; x_wconf 92' lang='lat' dir='ltr'>de</span> <span class='ocrx_word' id='word_1_154' title='bbox 234 2532 275 2577; x_wconf 89' lang='lat' dir='ltr'>hoc</span> <span class='ocrx_word' id='word_1_155' title='bbox 286 2531 364 2577; x_wconf 84' lang='lat' dir='ltr'>sidere:</span> 
     </span>
    </p>

    <p class='ocr_par' dir='ltr' id='par_1_9' title="bbox 277 2617 902 2682">
     <span class='ocr_line' id='line_1_25' title="bbox 277 2617 902 2682; baseline 0 -15"><span class='ocrx_word' id='word_1_156' title='bbox 277 2620 335 2676; x_wconf 73' lang='lat' dir='ltr'>Nes,</span> <span class='ocrx_word' id='word_1_157' title='bbox 345 2630 392 2666; x_wconf 88' lang='lat' dir='ltr'>toto</span> <span class='ocrx_word' id='word_1_158' title='bbox 402 2619 482 2682; x_wconf 89' lang='lat' dir='ltr'>spirans</span> <span class='ocrx_word' id='word_1_159' title='bbox 492 2623 501 2650; x_wconf 80' lang='lat'><em>⁴</em></span> <span class='ocrx_word' id='word_1_160' title='bbox 511 2618 596 2666; x_wconf 87' lang='lat' dir='ltr'>rabido&#39;</span> <span class='ocrx_word' id='word_1_161' title='bbox 606 2618 633 2665; x_wconf 91' lang='lat' dir='ltr'>de</span> <span class='ocrx_word' id='word_1_162' title='bbox 643 2618 762 2679; x_wconf 83' lang='lat' dir='ltr'>‘corpore&#39;</span> <span class='ocrx_word' id='word_1_163' title='bbox 773 2617 902 2677; x_wconf 69' lang='lat' dir='ltr'>flammant,</span> 
     </span>
    </p>

    <p class='ocr_par' dir='ltr' id='par_1_10' title="bbox 151 2706 765 2861">
     <span class='ocr_line' id='line_1_26' title="bbox 278 2706 765 2771; baseline 0 -16"><span class='ocrx_word' id='word_1_164' title='bbox 278 2707 392 2756; x_wconf 83' lang='lat' dir='ltr'>AEstiferos</span> <span class='ocrx_word' id='word_1_165' title='bbox 402 2709 479 2755; x_wconf 87' lang='lat' dir='ltr'>validis</span> <span class='ocrx_word' id='word_1_166' title='bbox 489 2707 587 2771; x_wconf 88' lang='lat' dir='ltr'>erumpit</span> <span class='ocrx_word' id='word_1_167' title='bbox 598 2706 685 2754; x_wconf 88' lang='lat' dir='ltr'>flatibus</span> <span class='ocrx_word' id='word_1_168' title='bbox 696 2706 765 2767; x_wconf 77' lang='lat' dir='ltr'>ignes.</span> 
     </span>
     <span class='ocr_line' id='line_1_27' title="bbox 151 2797 626 2861; baseline -0.004 -15"><span class='ocrx_word' id='word_1_169' title='bbox 151 2800 199 2847; x_wconf 87' lang='lat' dir='ltr'>Nos</span> <span class='ocrx_word' id='word_1_170' title='bbox 210 2814 262 2845; x_wconf 86' lang='lat' dir='ltr'>mox</span> <span class='ocrx_word' id='word_1_171' title='bbox 273 2800 336 2861; x_wconf 86' lang='lat' dir='ltr'>plura</span> <span class='ocrx_word' id='word_1_172' title='bbox 347 2798 373 2845; x_wconf 81' lang='lat' dir='ltr'>ad</span> <span class='ocrx_word' id='word_1_173' title='bbox 385 2798 524 2856; x_wconf 85' lang='lat' dir='ltr'>Lucretium,</span> <span class='ocrx_word' id='word_1_174' title='bbox 534 2813 557 2843; x_wconf 89' lang='lat' dir='ltr'>v.</span> <span class='ocrx_word' id='word_1_175' title='bbox 570 2797 626 2859; x_wconf 87' lang='lat'><strong>890.</strong></span> 
     </span>
    </p>

    <p class='ocr_par' dir='ltr' id='par_1_11' title="bbox 182 2881 957 2950">
     <span class='ocr_line' id='line_1_28' title="bbox 182 2881 957 2950; baseline -0.001 -16"><span class='ocrx_word' id='word_1_176' title='bbox 182 2890 235 2935; x_wconf 88' lang='lat' dir='ltr'>Ver.</span> <span class='ocrx_word' id='word_1_177' title='bbox 247 2889 303 2948; x_wconf 87' lang='grc'><strong>484.</strong></span> <span class='ocrx_word' id='word_1_178' title='bbox 326 2888 424 2934; x_wconf 85' lang='lat' dir='ltr'>Conatus</span> <span class='ocrx_word' id='word_1_179' title='bbox 441 2889 490 2932; x_wconf 88' lang='lat' dir='ltr'>sum</span> <span class='ocrx_word' id='word_1_180' title='bbox 508 2886 633 2933; x_wconf 86' lang='lat' dir='ltr'>restitutum</span> <span class='ocrx_word' id='word_1_181' title='bbox 645 2888 695 2934; x_wconf 84' lang='lat' dir='ltr'>date</span> <span class='ocrx_word' id='word_1_182' title='bbox 705 2902 734 2934; x_wconf 87' lang='lat' dir='ltr'>ex</span> <span class='ocrx_word' id='word_1_183' title='bbox 744 2881 870 2948; x_wconf 63' lang='lat' dir='ltr'>eoneriuti</span> <span class='ocrx_word' id='word_1_184' title='bbox 882 2886 957 2950; x_wconf 87' lang='lat' dir='ltr'>deplo-</span> 
     </span>
    </p>

    <p class='ocr_par' dir='ltr' id='par_1_12' title="bbox 155 2973 753 3036">
     <span class='ocr_line' id='line_1_29' title="bbox 155 2973 753 3036; baseline -0.003 -11"><span class='ocrx_word' id='word_1_185' title='bbox 155 2988 229 3025; x_wconf 87' lang='lat' dir='ltr'>ratum</span> <span class='ocrx_word' id='word_1_186' title='bbox 241 2980 323 3024; x_wconf 87' lang='lat' dir='ltr'>locum.</span> <span class='ocrx_word' id='word_1_187' title='bbox 357 2973 465 3021; x_wconf 73' lang='lat' dir='ltr'>Similitdr</span> <span class='ocrx_word' id='word_1_188' title='bbox 476 2977 543 3021; x_wconf 81' lang='lat' dir='ltr'>Maro</span> <span class='ocrx_word' id='word_1_189' title='bbox 554 2976 578 3021; x_wconf 87' lang='lat' dir='ltr'>in</span> <span class='ocrx_word' id='word_1_190' title='bbox 588 2977 642 3023; x_wconf 85' lang='lat' dir='ltr'>Eci.</span> <span class='ocrx_word' id='word_1_191' title='bbox 652 2978 700 3024; x_wconf 86' lang='lat' dir='ltr'>viii.</span> <span class='ocrx_word' id='word_1_192' title='bbox 712 2989 753 3036; x_wconf 66' lang='grc' dir='ltr'>γι.</span> 
     </span>
    </p>

    <p class='ocr_par' dir='ltr' id='par_1_13' title="bbox 154 3064 950 3217">
     <span class='ocr_line' id='line_1_30' title="bbox 282 3064 950 3128; baseline -0.006 -16"><span class='ocrx_word' id='word_1_193' title='bbox 282 3066 381 3125; x_wconf 80' lang='lat' dir='ltr'>Frigidus</span> <span class='ocrx_word' id='word_1_194' title='bbox 392 3064 415 3112; x_wconf 89' lang='lat' dir='ltr'>in</span> <span class='ocrx_word' id='word_1_195' title='bbox 430 3064 496 3127; x_wconf 80' lang='lat' dir='ltr'>pratis</span> <span class='ocrx_word' id='word_1_196' title='bbox 506 3067 515 3094; x_wconf 55' lang='grc' dir='ltr'>ί</span> <span class='ocrx_word' id='word_1_197' title='bbox 523 3064 640 3111; x_wconf 77' lang='lat' dir='ltr'>cantando&#39;</span> <span class='ocrx_word' id='word_1_198' title='bbox 657 3066 769 3128; x_wconf 83' lang='lat' dir='ltr'>rumpitur</span> <span class='ocrx_word' id='word_1_199' title='bbox 778 3067 862 3125; x_wconf 78' lang='lat' dir='ltr'>anguis.</span> <span class='ocrx_word' id='word_1_200' title='bbox 948 3101 950 3108; x_wconf 89' lang='grc'><em>,</em></span> 
     </span>
     <span class='ocr_line' id='line_1_31' title="bbox 154 3156 435 3217; baseline -0.021 -11"><span class='ocrx_word' id='word_1_201' title='bbox 154 3158 247 3214; x_wconf 73' lang='lat' dir='ltr'>Rursus,</span> <span class='ocrx_word' id='word_1_202' title='bbox 263 3156 318 3203; x_wconf 84' lang='lat' dir='ltr'>AEu.</span> <span class='ocrx_word' id='word_1_203' title='bbox 331 3156 361 3202; x_wconf 86' lang='lat' dir='ltr'>vi.</span> <span class='ocrx_word' id='word_1_204' title='bbox 381 3168 435 3217; x_wconf 82' lang='lat'><strong>539.</strong></span> 
     </span>
    </p>

    <p class='ocr_par' dir='ltr' id='par_1_14' title="bbox 154 3243 875 3393">
     <span class='ocr_line' id='line_1_32' title="bbox 282 3243 875 3302; baseline 0.002 -11"><span class='ocrx_word' id='word_1_205' title='bbox 282 3245 335 3291; x_wconf 83' lang='lat' dir='ltr'>Nox</span> <span class='ocrx_word' id='word_1_206' title='bbox 346 3244 399 3302; x_wconf 86' lang='lat' dir='ltr'>ruit,</span> <span class='ocrx_word' id='word_1_207' title='bbox 416 3243 503 3291; x_wconf 83' lang='lat' dir='ltr'>AEnea:</span> <span class='ocrx_word' id='word_1_208' title='bbox 522 3258 561 3290; x_wconf 83' lang='lat' dir='ltr'>nos</span> <span class='ocrx_word' id='word_1_209' title='bbox 571 3243 668 3291; x_wconf 84' lang='lat' dir='ltr'>‘flendo&#39;</span> <span class='ocrx_word' id='word_1_210' title='bbox 681 3244 785 3292; x_wconf 82' lang='lat' dir='ltr'>ducimus</span> <span class='ocrx_word' id='word_1_211' title='bbox 794 3244 875 3292; x_wconf 79' lang='lat' dir='ltr'>horae:</span> 
     </span>
     <span class='ocr_line' id='line_1_33' title="bbox 154 3330 480 3393; baseline -0.012 -8"><span class='ocrx_word' id='word_1_212' title='bbox 154 3335 230 3385; x_wconf 77' lang='lat' dir='ltr'>cmier</span> <span class='ocrx_word' id='word_1_213' title='bbox 239 3330 308 3383; x_wconf 66' lang='lat' dir='ltr'>etiim</span> <span class='ocrx_word' id='word_1_214' title='bbox 318 3332 371 3382; x_wconf 81' lang='lat' dir='ltr'>AEn.</span> <span class='ocrx_word' id='word_1_215' title='bbox 384 3332 424 3381; x_wconf 86' lang='lat' dir='ltr'>xii.</span> <span class='ocrx_word' id='word_1_216' title='bbox 439 3330 480 3393; x_wconf 88' lang='grc'><strong>46.</strong></span> 
     </span>
    </p>

    <p class='ocr_par' dir='ltr' id='par_1_15' title="bbox 526 3430 542 3467">
     <span class='ocr_line' id='line_1_34' title="bbox 526 3430 542 3467; baseline 0 0"><span class='ocrx_word' id='word_1_217' title='bbox 526 3430 542 3467; x_wconf 75' lang='lat'><em>2</em></span> 
     </span>
    </p>
   </div>
   <div class='ocr_carea' id='block_1_5' title="bbox 0 0 1158 4050">
    <p class='ocr_par' dir='ltr' id='par_1_16' title="bbox 0 0 1158 4050">
     <span class='ocr_line' id='line_1_35' title="bbox 0 0 1158 4050; baseline 0 0"><span class='ocrx_word' id='word_1_218' title='bbox 0 0 1158 4050; x_wconf 95' lang='lat' dir='ltr'> </span> 
     </span>
    </p>
   </div>
  </div>
 </body>
</html>
