2250 4050
174 446 233 508 216
434 445 709 516 AENEIDOS,
885 439 959 502 ulfi.

175 602 347 671 AEdificant,
367 602 498 681 sectaque
511 603 649 661 intexunt
662 601 757 660 abiete
769 601 865 659 costas.

173 706 285 763 Votum
297 724 349 782 pro
362 707 455 765 reditu
469 706 613 763 fimulant:
636 725 669 763 ea
683 705 761 762 fama
775 712 899 779 vagatur.

175 809 253 876 Huc,
273 808 380 866 delecta
393 806 595 866 virumvsortiti
608 825 736 884 corpora,
757 805 860 863 furtim

176 910 333 968 Includunt
345 929 422 968 caeco
435 909 526 979 lateri,
547 909 720 986 penitusque
733 927 865 966 cavernas

176 1012 316 1089 Ingentis,
337 1021 518 1088 uterumque,
539 1022 649 1078 armato
662 1010 757 1069 milite
770 1009 909 1087 conplent.

215 1116 263 1174 Est
274 1117 307 1174 in
320 1115 472 1192 conspectu
484 1115 627 1185 Tenedos,
648 1115 792 1173 notiffima
805 1114 881 1172 fama

176 1217 281 1287 Insula,
294 1218 372 1276 dives
385 1238 483 1296 opum,
497 1217 602 1275 Priami
615 1218 685 1275 dum
703 1236 793 1293 regna
806 1217 952 1281 manebant

176 1321 265 1378 Nunc
279 1328 392 1378 tantum
406 1319 490 1388 finus,
510 1330 540 1379 et
553 1319 636 1378 statio
649 1320 724 1377 male
737 1319 796 1377 fida
809 1316 916 1376 carinis:

176 1423 245 1480 Huc
258 1421 287 1480 sc
299 1422 424 1499 provecti
438 1422 546 1480 deserto
559 1422 591 1479 in
602 1421 686 1479 litore
696 1423 840 1479 condunt:

177 1526 239 1583 Nos
252 1524 349 1582 abiiffe
361 1523 425 1591 rati,
445 1533 475 1581 et
487 1535 574 1582 vento
585 1523 697 1600 petiiss‘c
711 1524 858 1599 Mycenas.

177 1628 255 1703 Ergo
267 1626 360 1685 omnia
373 1626 461 1702 longo
473 1626 556 1684 solvit
569 1625 598 1683 se
609 1624 732 1683 Teucria
745 1625 839 1683 lafitu:

178 1720 345 1787 Panduntur
356 1738 457 1806 portae:
475 1727 558 1805 juvat
570 1727 621 1796 ire,
641 1738 669 1785 et
684 1727 791 1785 Dorica
804 1726 888 1784 castra

179 1830 366 1907 Desertosque
378 1830 474 1888 videre
487 1830 573 1898 locos,
593 1829 719 1906 litusque
732 1829 874 1888 relictum.

178 1932 237 1991 Hic
246 1933 391 2009 Dolopum
401 1951 511 2003 manus,
522 1932 572 1991 hic
583 1931 671 1990 servus
681 1933 819 1991 tendebat
828 1924 949 1993 Achillffl

178 2035 323 2094 Ctaffibuc
331 2035 380 2093 hic
392 2036 485 2094 locus:
507 2035 556 2093 hic
569 2036 631 2094 acie
643 2045 752 2094 certare
765 2034 897 2093 solebant.

177 2138 244 2196 Pars
257 2138 351 2214 stupet
363 2137 492 2215 innuptae
505 2139 613 2196 donum
626 2137 743 2196 exitiale
757 2137 900 2205 Minerva,

179 2241 217 2297 Et
230 2240 337 2300 molem
350 2240 491 2298 mirantur
502 2239 584 2316 equit
609 2240 777 2316 primusque
789 2239 937 2317 Thymoeta

179 2342 258 2400 Duci
270 2343 345 2400 intra
357 2360 453 2400 muros
466 2341 606 2410 hortatur,
625 2352 656 2399 et
667 2360 732 2399 arce
743 2341 845 2412 locari3

175 2443 243 2502 Sive
256 2444 331 2512 dolo,
352 2443 400 2502 seu
408 2442 469 2520 jum
481 2442 577 2520 Trojae
590 2444 627 2501 tic
639 2443 699 2501 fata
712 2443 851 2505 forebant.

178 2546 222 2604 At
235 2547 340 2623 Capys,
360 2556 390 2604 et
402 2564 525 2623 quorum
538 2546 640 2633 molior
653 2546 794 2604 sententia
807 2542 899 2611 menti.

178 2649 242 2708 Aut
253 2650 354 2726 pelago
367 2649 502 2707 Danaum
515 2648 638 2717 infidias,
658 2647 840 2725 suspettaque
852 2648 920 2711 dou,

177 2751 357 2828 Praecipitare
366 2750 480 2828 jubent,
500 2749 671 2829 subjectisvc
684 2770 767 2810 urere
779 2748 905 2817 flammiu

178 2855 247 2914 Aut·
254 2855 396 2912 terebrare
408 2872 490 2914 cavas
504 2854 578 2912 uteri
590 2863 620 2913 ct
633 2863 744 2912 tentare
755 2855 885 2916 latcbtatt

158 2956 160 2963 '
178 2957 322 3017 Scinditur
335 2956 477 3015 incertum
486 2956 581 3015 studia
594 2956 625 3015 in
638 2957 780 3016 contraria
793 2956 896 3034 volgus.

217 3059 327 3117 Primus
348 3058 387 3117 ibi
408 3069 475 3117 ante
495 3058 598 3128 omnis,
627 3061 734 3136 magua
753 3060 899 3122 comitante
912 3063 944 3108 θ’

294 3150 381 3229 ῐὲτνᾶ,
764 3221 767 3226 ,

179 3265 311 3326 Laocoon
325 3265 425 3322 ardens
437 3263 549 3322 summa
561 3263 687 3324 decurrit
699 3265 826 3329 abarce:

178 3366 216 3423 Et
227 3365 338 3442 procul,
358 3365 508 3426 omiserit
530 3385 596 3442 quae
610 3378 690 3426 tanta
701 3366 821 3438 insania,
838 3358 914 3426 cire?
