2250 4050
155 428 233 502 illu
441 432 538 492 LIB.
578 432 605 492 1.
867 435 920 499 ¹9¹

153 577 241 659 Seditio,
259 585 397 665 flevitque
409 588 514 647 animis
526 587 656 666 ignobile
667 587 770 664 vulgus
774 607 784 657 3

151 678 246 763 llmqm
261 689 340 749 faces
355 699 387 748 et
403 690 471 749 saxa
487 691 586 750 volant
592 714 602 762 3
624 690 705 748 furtu
724 704 804 747 arma
822 685 924 746 minis·

152 798 155 803 ’
206 800 273 849 trat:

150 880 205 948 Tun
213 893 318 969 pictate
327 912 445 970 gravem
454 912 487 953 ac
496 893 606 953 meritis
616 894 637 953 fi
647 895 722 953 forte
731 894 827 952 virum
836 904 924 970 quern

148 985 313 1071 Conspexere,
327 996 427 1069 filant,
449 997 626 1073 adrectisque
639 997 754 1054 nuribus
766 996 891 1066 adstant,

146 1084 186 1152 lic
194 1098 264 1175 regit
277 1098 361 1157 dictis
373 1098 495 1169 animos,
513 1108 544 1157 et
554 1099 669 1176 pectora
681 1098 805 1156 mulcet:
845 1096 848 1103 '

146 1190 299 1259 Siccunuus
309 1202 405 1278 pelagi
418 1201 523 1260 cecidit
532 1201 640 1278 fragor,
650 1218 764 1277 aequora
774 1198 922 1276 postquam

143 1290 298 1377 Prospicienr
310 1302 434 1379 genitor,
453 1302 585 1380 coeloque
597 1301 725 1360 invectus
737 1312 844 1380 aperto,

141 1393 225 1463 licuit
237 1425 336 1482 equor,
359 1425 501 1482 curruque
512 1406 612 1465 volans
624 1407 674 1464 dat
685 1406 745 1465 lora
758 1406 889 1464 secundo.

169 1503 269 1565 Defeffi
283 1508 434 1579 AEneudae‚
455 1527 520 1585 quae
532 1508 672 1585 proxima,
692 1508 777 1567 litora
790 1507 874 1566 cursu

140 1603 313 1669 contendunt
324 1620 431 1688 petere,
452 1619 482 1668 et
495 1611 596 1687 Libyae
608 1619 760 1669 vertuntur
771 1611 808 1669 ad
820 1615 892 1669 urar.

169 1709 210 1770 Est
220 1713 252 1770 in
265 1712 370 1770 seoeffu
383 1712 472 1789 longo
483 1712 577 1784 locus,
598 1711 690 1770 insula
701 1721 817 1790 portum

138 1804 222 1872 llffieit
234 1813 349 1892 objectu
365 1814 499 1884 laterum,
518 1815 623 1891 quibua
635 1814 729 1872 omnis
742 1817 778 1873 ab
790 1815 850 1873 alto

138 1905 286 1994 Frangitur,
304 1917 395 1992 inque
408 1916 483 1975 linus
495 1916 601 1974 scindit
614 1916 671 1974 sese
684 1916 761 1973 unda
774 1915 917 1975 reductor:

138 2009 203 2079 Hinc
214 2030 302 2097 atquc
314 2019 384 2078 hinc
395 2020 478 2079 vastae
488 2027 590 2097 napea,
594 2018 760 2096 geminique
773 2019 921 2078 minantur

140 2111 278 2182 lncoelum
291 2122 415 2200 scopuli,
436 2139 558 2199 quorum
571 2121 624 2179 sub
636 2120 743 2182 vertice
756 2122 814 2179 late

138 2217 252 2300 AEqucra
266 2235 329 2284 tuta
342 2225 439 2284 lilent:
461 2233 525 2283 turn
538 2223 614 2283 filvic
626 2224 709 2282 scena
721 2224 845 2286 comicia

140 2315 261 2406 Desuper,
281 2327 467 2404 horrentique
484 2336 580 2387 atrum
597 2344 699 2384 nemus
714 2326 839 2386 inminet
855 2346 920 2386 um·

144 2434 149 2442 “
172 2451 174 2456 ·
203 2433 265 2492 braz

141 2517 228 2590 Fronte
238 2534 291 2591 sub
303 2531 427 2603 adveni,
440 2532 561 2609 scopulis
573 2532 775 2609 pendentibus,
788 2541 917 2606 antrum,

141 2620 208 2692 latui
219 2654 301 2712 aquae
313 2636 421 2705 dulces,
439 2633 562 2710 vivo'que
574 2634 672 2693 sedilia
685 2634 766 2705 saxo,

141 2721 327 2814 Nympharum
340 2739 456 2795 domus:
475 2736 527 2794 hic
544 2737 625 2795 fellas
638 2755 696 2794 non
710 2737 825 2796 vincula
838 2737 919 2797 navia

140 2821 196 2894 Ulla
206 2823 318 2912 tenent,
334 2841 415 2896 'unco
425 2844 486 2896 'non
498 2838 608 2915 adligat
620 2847 724 2898 ancora
736 2840 840 2899 morsu.

138 2922 194 2995 Huc
204 2940 312 3020 septena
324 2941 433 2999 AEncas
446 2940 581 2999 conleciis
594 2941 715 2999 navibus
724 2942 818 2999 ¹omni·
858 2953 860 2958 ·

137 3023 176 3094 Εἰ
185 3058 299 3102 numero
313 3041 403 3114 subit,
426 3049 468 3111 a'c,
488 3050 595 3120 rn'agn'o
609 3043 719 3102 telluris
731 3063 828 3103 amore

136 3125 239 3215 Egreffi,
257 3146 356 3221 optata
367 3144 519 3221 potiuntur
529 3145 619 3204 Trois
632 3146 727 3216 areni,

134 3227 169 3296 Et
178 3244 230 3306 sate
242 3246 368 3306 nunus
378 3252 455 3304 artus
467 3244 499 3304 in
511 3246 596 3303 litore
607 3254 729 3323 ponunt.

131 3337 173 3400 ‘ic
183 3347 305 3423 primum
316 3347 387 3407 filici
399 3347 556 3408 scintillam
567 3349 689 3412 excudit
698 3350 849 3424 Achates,
