2250 4050
146 449 229 511 'astu
442 450 540 512 LIB.
580 449 606 509 l·
826 522 831 530 .
866 452 923 509 2oe

168 598 295 686 Namque
308 606 439 680 videbat,
453 607 498 667 uti
511 607 651 666 bellantes
664 606 801 683 Pergama
813 601 923 663 circum

146 703 191 767 ilar
202 711 334 790 sugerent
346 710 438 782 Graii,
457 718 600 787 premeret
612 706 737 785 Trojana
749 705 901 784 juventus:

146 804 192 870 Hac
202 815 338 893 Phrygem
361 814 479 873 instaret
489 832 578 873 curru
589 812 718 870 cristatus
730 810 871 870 Achilles.

146 905 194 973 Nec
202 917 297 994 prom]
310 916 381 976 hinc
394 916 479 976 Rhesi
492 915 584 975 niveis
598 914 721 973 tentoria
735 913 804 973 velis

145 1011 262 1091 Agnoscit
273 1019 444 1092 lacrimans;
465 1021 558 1098 primo
571 1038 636 1095 quae
648 1017 761 1096 prodita
774 1017 875 1077 somno

146 1110 247 1192 Tydides
257 1123 352 1183 multa
364 1123 491 1182 vastabat
502 1123 580 1181 cede
593 1133 728 1181 cruentus
737 1145 746 1193 3

147 1217 315 1304 Ardentisque
328 1226 431 1285 avertit
445 1246 533 1304 equos
544 1225 577 1285 in
590 1225 687 1295 casira,
706 1225 785 1302 prius
797 1244 885 1302 quam

147 1317 227 1392 Pabula
239 1329 394 1408 gustassent
405 1327 509 1407 Trojae‚
529 1328 737 1405 Xanthumque
749 1329 893 1388 bibissent.

147 1421 207 1488 Parte
218 1434 272 1491 atis
283 1432 400 1510 fugiens
411 1432 516 1491 amillis
528 1431 643 1491 Troilus
654 1431 752 1502 annia,

147 1522 228 1593 Infelix
239 1555 320 1615 puer,
339 1545 427 1613 atque
439 1536 522 1613 inpar
533 1535 696 1612 congressus
705 1533 826 1603 Achilli,

147 1627 223 1696 Fertur
233 1617 323 1718 equis,
344 1659 487 1716 curruque
500 1640 590 1698 haeret
602 1639 750 1717 resupinus
764 1639 852 1709 inani,

147 1729 201 1798 lua
211 1752 307 1802 tenens
321 1752 432 1802 temen:
448 1742 517 1801 buic
529 1742 693 1819 cervixque,
707 1761 855 1818 comaeque
864 1750 922 1802 tra·

204 1845 308 1904 huntur

147 1935 184 1999 Per
193 1953 299 2019 terram,
319 1957 350 2008 et
362 1949 443 2008 versi
456 1949 549 2027 pulvis
562 1948 731 2008 inscribitur
742 1948 830 2008 basil.

147 2027 242 2125 Interea,
262 2054 300 2112 ad
313 2053 454 2131 templum
468 2072 527 2112 non
540 2072 630 2130 aequae
642 2054 762 2113 Palladis
776 2053 858 2112 ibant

147 2141 255 2215 Crinibus
268 2156 372 2215 Iliades
383 2156 474 2233 pallis,
493 2156 670 2233 peplumque
683 2157 823 2226 serebant,

146 2244 292 2331 suppliciter
305 2261 404 2332 tristes,
425 2270 455 2319 et
468 2261 558 2319 tunsae
571 2261 683 2337 pedore
696 2260 813 2337 palmis:

146 2344 202 2418 Diu
212 2363 268 2423 solo
280 2364 353 2422 fixos
365 2364 461 2423 ocsrlos
473 2364 570 2423 aversa
583 2365 708 2423 tenebat.

146 2447 300 2526 lucinum
312 2467 414 2525 Iliacos
427 2475 587 2544 raptaverat
599 2467 725 2525 Hedera
737 2457 843 2536 muros,

146 2549 352 2648 Exanimumque
364 2589 434 2629 auro
446 2589 548 2647 eorpus
560 2570 712 2639 vendebat,
732 2570 871 2631 Achilles.

172 2664 237 2732 'lum
255 2692 323 2733 vero
345 2673 496 2750 ingentem
516 2671 660 2749 gemitum
679 2674 731 2731 dat
748 2674 863 2751 pestere
882 2675 919 2733 ab

236 2796 305 2847 nno,

146 2856 177 2922 Ul
185 2872 271 2951 spolia,
291 2889 325 2937 ut
339 2896 446 2948 esurus,
467 2887 557 2953 utque
569 2877 664 2955 ipsum
677 2897 778 2955 corpus
791 2878 887 2949 amici,

146 2958 356 3058 Tendentemque
367 2999 468 3039 manus
480 2980 625 3039 Priamum
634 2981 782 3057 conspexit
791 2981 919 3041 inermis.

146 3060 280 3161 se<titoque
300 3082 479 3162 principibus
495 3084 673 3161 permixtum
696 3084 814 3161 agnovit
826 3084 919 3144 Achi-

187 3201 247 3256 ·v1s,
284 3235 286 3239 ,

146 3264 247 3363 Eoitque
257 3290 342 3359 acies,
362 3296 392 3346 et
405 3287 481 3365 nigri
494 3288 663 3346 Memnonis
675 3307 763 3354 anna.

146 3366 213 3453 luit
222 3392 433 3453 maurum
446 3390 558 3453 runata
571 3390 693 3475 agmina
702 3392 794 3475 pau
