2250 4050
89 436 233 526 ἰρι
437 451 721 525 mucrone,
864 447 940 508 ene

174 608 303 678 Tristior,
323 618 355 667 et
365 609 492 668 lacrimis
503 609 602 669 oculos
615 609 724 669 suffusa
736 605 863 675 nitentis,

176 713 357 790 Adloquitur
369 714 483 773 Venus:
509 714 538 772 O
556 713 608 791 qui
625 733 670 772 res
687 711 892 785 hominumque
904 704 940 762 det

294 834 417 893 tutoque
544 840 547 847 ¹

177 918 309 977 AEternie
322 919 398 996 regis
410 919 547 996 imperiis,
568 929 598 978 et
610 918 738 977 fulmine
751 915 851 976 terres!

181 1022 265 1080 Quid
276 1040 358 1080 meus
370 1023 481 1081 AEneas
493 1022 526 1080 in
539 1031 569 1081 te
581 1022 755 1081 conmittere
769 1028 888 1087 tantum,

178 1125 260 1183 Quid
273 1126 363 1185 Trois
375 1127 511 1203 potuere?
532 1125 648 1203 quibus,
669 1132 714 1184 tot
728 1125 832 1183 funera
844 1117 921 1200 paffit

177 1228 306 1287 Cuntlus
318 1231 356 1288 ob
369 1229 486 1289 Italiam
498 1239 639 1289 terrarum
651 1229 799 1288 clauditur
812 1225 893 1286 orbis.

177 1333 264 1391 Certe
276 1333 345 1390 hinc
359 1335 503 1397 Romanos
516 1333 596 1402 olim,
615 1331 801 1392 volventibus
813 1328 899 1397 annin,

179 1437 259 1495 Hinc
273 1435 335 1494 fore
348 1415 485 1506 ductores,
506 1445 640 1496 revocato
652 1455 669 1494 a
682 1434 825 1513 sanguine
835 1425 933 1496 Teucri,

181 1541 242 1598 Oui
257 1559 345 1609 mare,
364 1539 415 1617 qni
428 1549 515 1599 terrae
529 1538 634 1608 omnin,
647 1537 760 1597 ditione
773 1541 906 1603 tenerent,

177 1643 336 1701 Pollicitus.
377 1644 454 1701 Quae
472 1652 511 1714 te,
531 1641 654 1721 genitor,
675 1641 819 1700 sententia
830 1637 920 1699 vertit?

178 1746 246 1804 Hoc
257 1743 394 1822 equidem
414 1744 547 1803 occasum
559 1742 663 1822 Trojae,
683 1743 829 1828 tristisque
840 1742 929 1804 cuiun

179 1849 305 1919 Solebat,
323 1848 391 1906 fatis
404 1847 547 1906 contraria
560 1847 621 1906 fata
633 1849 804 1926 rependens.

179 1952 213 2010 N
213 1970 271 2010 unc
283 1952 384 2010 eadem
397 1952 512 2010 fortuna
525 1950 609 2019 viros,
632 1960 677 2008 tot
690 1951 801 2011 cafibus
815 1951 894 2018 anns,

91 2110 93 2117 ,
179 2055 350 2133 Insequitur.
393 2056 492 2114 Quem
512 2055 561 2113 dae
582 2054 681 2125 finem,
702 2074 755 2114 rex
768 2073 880 2133 magne,
896 2048 940 2109 lab(

259 2162 341 2216 rum?

180 2262 314 2320 Antenor
326 2261 431 2339 potnit,
450 2260 554 2319 mediis
567 2261 677 2338 elapsus
689 2261 822 2331 Achivis,

179 2364 310 2441 Illyricos
322 2373 471 2441 penetrare
483 2363 560 2423 finus
571 2373 658 2441 atque
669 2364 775 2423 intima
789 2373 867 2423 tntue

182 2467 282 2543 Regna
296 2467 497 2536 Liburnorum,
516 2476 547 2525 et
560 2467 671 2526 fontem
685 2467 818 2543 superare
829 2457 937 2525 Timavi²

182 2570 270 2630 Unde
281 2590 333 2648 per
345 2590 393 2630 ora
406 2589 510 2629 novem
523 2570 601 2629 vasto
614 2590 683 2628 cum
695 2589 845 2629 murmure
856 2558 940 2628 motti⁸

181 2674 210 2731 It
222 2692 301 2732 mare
313 2683 493 2751 proruptum,
506 2682 537 2731 et
549 2673 653 2751 pelago
664 2672 773 2751 premit
783 2692 850 2733 arva
860 2671 940 2730 somni

181 2776 240 2835 Hic
254 2786 353 2835 tamen
365 2776 414 2834 ille
426 2778 529 2834 urbem
541 2778 650 2845 Patavi,
669 2775 808 2853 sedesque
819 2771 914 2836 locavit

182 2881 370 2949 Teucrorum,
389 2886 420 2937 et
432 2878 513 2956 genti
525 2895 632 2938 nomen
646 2879 736 2949 dedit,
756 2867 940 2957 armaquetrit

179 2983 286 3040 Troiae
309 3000 387 3040 nunc
399 2980 512 3058 placide
525 2981 676 3059 conpostus
688 3001 760 3059 paee
773 2981 896 3060 quiescit.

180 3088 252 3156 Nos,
272 3095 322 3145 tuo
334 3085 493 3162 progenies,
512 3086 580 3156 coeli
593 3086 699 3163 quibus
711 3087 815 3146 adnuit
827 3101 918 3152 ornem,

179 3188 321 3260 Navibus,
341 3188 507 3247 infandum!
530 3188 645 3259 amiffis,
663 3192 751 3250 unius
763 3193 802 3250 ob
814 3190 883 3250 imm

176 3290 337 3359 Prodimur‚
357 3300 445 3367 atque
458 3290 538 3349 Italis
550 3292 638 3369 longe
650 3290 845 3372 disjungimur
855 3289 909 3351 orit.

125 3433 127 3437 ·
169 3396 235 3461 Hic
245 3395 370 3480 pietatis
382 3395 491 3458 honoel
513 3393 555 3453 lic
564 3394 784 3472 nminioethn
792 3392 908 3472 temni!
