<?xml version="1.0" encoding="UTF-8"?>
<!DOCTYPE html PUBLIC "-//W3C//DTD XHTML 1.0 Transitional//EN"
    "http://www.w3.org/TR/xhtml1/DTD/xhtml1-transitional.dtd">
<html xmlns="http://www.w3.org/1999/xhtml" xml:lang="en" lang="en">
 <head>
  <title>
</title>
<meta http-equiv="Content-Type" content="text/html;charset=utf-8" />
  <meta name='ocr-system' content='tesseract 3.04.00' />
  <meta name='ocr-capabilities' content='ocr_page ocr_carea ocr_par ocr_line ocrx_word'/>
</head>
<body>
  <div class='ocr_page' id='page_1' title='image "./pvirgiliimaroni03marogoog_0291.png"; bbox 0 0 2250 4050; ppageno 0'>
   <div class='ocr_carea' id='block_1_1' title="bbox 385 400 645 452">
    <p class='ocr_par' dir='ltr' id='par_1_1' title="bbox 385 400 645 452">
     <span class='ocr_line' id='line_1_1' title="bbox 385 400 645 452; baseline -0.012 -1"><span class='ocrx_word' id='word_1_1' title='bbox 385 412 388 416; x_wconf 88' lang='grc'>’</span> <span class='ocrx_word' id='word_1_2' title='bbox 439 400 645 452; x_wconf 79' lang='lat' dir='ltr'>NOTULAE.</span> 
     </span>
    </p>
   </div>
   <div class='ocr_carea' id='block_1_2' title="bbox 142 538 946 873">
    <p class='ocr_par' dir='ltr' id='par_1_2' title="bbox 144 538 946 696">
     <span class='ocr_line' id='line_1_2' title="bbox 144 538 946 607; baseline 0.004 -23"><span class='ocrx_word' id='word_1_3' title='bbox 144 554 196 586; x_wconf 88' lang='lat' dir='ltr'>cum</span> <span class='ocrx_word' id='word_1_4' title='bbox 205 540 274 588; x_wconf 86' lang='lat' dir='ltr'>fimili</span> <span class='ocrx_word' id='word_1_5' title='bbox 282 542 339 602; x_wconf 88' lang='lat' dir='ltr'>loco,</span> <span class='ocrx_word' id='word_1_6' title='bbox 348 553 370 591; x_wconf 83' lang='lat' dir='ltr'>ct</span> <span class='ocrx_word' id='word_1_7' title='bbox 377 544 468 607; x_wconf 85' lang='lat' dir='ltr'>pulchro</span> <span class='ocrx_word' id='word_1_8' title='bbox 478 543 536 604; x_wconf 64' lang='lat' dir='ltr'>sane,</span> <span class='ocrx_word' id='word_1_9' title='bbox 546 547 605 594; x_wconf 86' lang='lat' dir='ltr'>Ven.</span> <span class='ocrx_word' id='word_1_10' title='bbox 614 545 677 597; x_wconf 83' lang='lat' dir='ltr'>Hon.</span> <span class='ocrx_word' id='word_1_11' title='bbox 688 538 896 605; x_wconf 71' lang='lat' dir='ltr'>rortumti,p0·e‘m.</span> <span class='ocrx_word' id='word_1_12' title='bbox 904 555 946 589; x_wconf 84' lang='lat' dir='ltr'>xx.</span> 
     </span>
     <span class='ocr_line' id='line_1_3' title="bbox 273 632 778 696; baseline 0.002 -19"><span class='ocrx_word' id='word_1_13' title='bbox 273 632 366 679; x_wconf 66' lang='lat' dir='ltr'>‘florea</span> <span class='ocrx_word' id='word_1_14' title='bbox 375 645 488 693; x_wconf 82' lang='lat' dir='ltr'>gemmato</span> <span class='ocrx_word' id='word_1_15' title='bbox 498 633 610 694; x_wconf 78' lang='lat' dir='ltr'>grarninc’</span> <span class='ocrx_word' id='word_1_16' title='bbox 623 643 683 696; x_wconf 88' lang='lat' dir='ltr'>prata</span> <span class='ocrx_word' id='word_1_17' title='bbox 693 634 778 681; x_wconf 82' lang='lat' dir='ltr'>virent:</span> 
     </span>
    </p>

    <p class='ocr_par' dir='ltr' id='par_1_3' title="bbox 143 716 946 783">
     <span class='ocr_line' id='line_1_4' title="bbox 143 716 946 783; baseline 0.004 -20"><span class='ocrx_word' id='word_1_18' title='bbox 143 716 199 764; x_wconf 61' lang='lat' dir='ltr'>und?</span> <span class='ocrx_word' id='word_1_19' title='bbox 206 718 290 781; x_wconf 78' lang='lat' dir='ltr'>judices</span> <span class='ocrx_word' id='word_1_20' title='bbox 299 722 426 782; x_wconf 77' lang='lat' dir='ltr'>ambiguam</span> <span class='ocrx_word' id='word_1_21' title='bbox 435 723 475 770; x_wconf 83' lang='lat' dir='ltr'>effe</span> <span class='ocrx_word' id='word_1_22' title='bbox 485 724 603 770; x_wconf 67' lang='lat' dir='ltr'>lectionem</span> <span class='ocrx_word' id='word_1_23' title='bbox 614 722 740 783; x_wconf 78' lang='lat' dir='ltr'>‘germine’</span> <span class='ocrx_word' id='word_1_24' title='bbox 753 723 777 768; x_wconf 90' lang='lat' dir='ltr'>in</span> <span class='ocrx_word' id='word_1_25' title='bbox 792 721 834 767; x_wconf 88' lang='lat' dir='ltr'>hoc</span> <span class='ocrx_word' id='word_1_26' title='bbox 846 720 946 766; x_wconf 80' lang='lat' dir='ltr'>Maronis</span> 
     </span>
    </p>

    <p class='ocr_par' dir='ltr' id='par_1_4' title="bbox 142 797 945 873">
     <span class='ocr_line' id='line_1_5' title="bbox 142 797 945 873; baseline 0 -21"><span class='ocrx_word' id='word_1_27' title='bbox 142 807 206 866; x_wconf 86' lang='lat' dir='ltr'>ioco;</span> <span class='ocrx_word' id='word_1_28' title='bbox 224 818 246 854; x_wconf 89' lang='lat' dir='ltr'>et</span> <span class='ocrx_word' id='word_1_29' title='bbox 261 809 322 855; x_wconf 81' lang='lat' dir='ltr'>nobis</span> <span class='ocrx_word' id='word_1_30' title='bbox 335 826 380 857; x_wconf 91' lang='lat' dir='ltr'>non</span> <span class='ocrx_word' id='word_1_31' title='bbox 393 809 433 857; x_wconf 80' lang='lat' dir='ltr'>eise</span> <span class='ocrx_word' id='word_1_32' title='bbox 449 811 602 873; x_wconf 86' lang='lat' dir='ltr'>poenitcndum</span> <span class='ocrx_word' id='word_1_33' title='bbox 614 811 640 856; x_wconf 89' lang='lat' dir='ltr'>dc</span> <span class='ocrx_word' id='word_1_34' title='bbox 658 805 823 857; x_wconf 73' lang='lat' dir='ltr'>restituti&#39;voce</span> <span class='ocrx_word' id='word_1_35' title='bbox 836 797 945 853; x_wconf 81' lang='lat' dir='ltr'>codicum.</span> 
     </span>
    </p>
   </div>
   <div class='ocr_carea' id='block_1_3' title="bbox 143 896 836 962">
    <p class='ocr_par' dir='ltr' id='par_1_5' title="bbox 143 896 836 962">
     <span class='ocr_line' id='line_1_6' title="bbox 143 896 836 962; baseline 0.004 -20"><span class='ocrx_word' id='word_1_36' title='bbox 143 896 272 943; x_wconf 85' lang='lat' dir='ltr'>‘Germen&#39;</span> <span class='ocrx_word' id='word_1_37' title='bbox 285 897 371 962; x_wconf 62' lang='lat' dir='ltr'>proprii</span> <span class='ocrx_word' id='word_1_38' title='bbox 381 900 430 947; x_wconf 89' lang='lat' dir='ltr'>vult</span> <span class='ocrx_word' id='word_1_39' title='bbox 440 900 522 948; x_wconf 88' lang='lat' dir='ltr'>florum</span> <span class='ocrx_word' id='word_1_40' title='bbox 532 900 679 962; x_wconf 84' lang='lat' dir='ltr'>arborumque</span> <span class='ocrx_word' id='word_1_41' title='bbox 690 898 836 959; x_wconf 79' lang='lat' dir='ltr'>‘gemmam&#39;</span> 
     </span>
    </p>
   </div>
   <div class='ocr_carea' id='block_1_4' title="bbox 176 976 1031 1051">
    <p class='ocr_par' dir='ltr' id='par_1_6' title="bbox 176 976 1031 1051">
     <span class='ocr_line' id='line_1_7' title="bbox 176 976 1031 1051; baseline 0.004 -20"><span class='ocrx_word' id='word_1_42' title='bbox 176 984 270 1045; x_wconf 59' lang='lat' dir='ltr'>Interea,</span> <span class='ocrx_word' id='word_1_43' title='bbox 281 986 355 1033; x_wconf 69' lang='lat' dir='ltr'>mindo</span> <span class='ocrx_word' id='word_1_44' title='bbox 365 999 492 1035; x_wconf 85' lang='lat' dir='ltr'>accuratum</span> <span class='ocrx_word' id='word_1_45' title='bbox 500 989 611 1051; x_wconf 83' lang='lat' dir='ltr'>judicium</span> <span class='ocrx_word' id='word_1_46' title='bbox 621 988 673 1034; x_wconf 92' lang='lat' dir='ltr'>tulit</span> <span class='ocrx_word' id='word_1_47' title='bbox 683 987 785 1034; x_wconf 76' lang='lat' dir='ltr'>Heinsius</span> <span class='ocrx_word' id='word_1_48' title='bbox 795 986 820 1032; x_wconf 89' lang='lat' dir='ltr'>ad</span> <span class='ocrx_word' id='word_1_49' title='bbox 829 987 947 1034; x_wconf 78' lang='lat' dir='ltr'>Claudiani</span> <span class='ocrx_word' id='word_1_50' title='bbox 1029 976 1031 985; x_wconf 28' lang='lat' dir='ltr'>i</span> 
     </span>
    </p>
   </div>
   <div class='ocr_carea' id='block_1_5' title="bbox 122 1073 954 3437">
    <p class='ocr_par' dir='ltr' id='par_1_7' title="bbox 143 1073 685 1135">
     <span class='ocr_line' id='line_1_8' title="bbox 143 1073 685 1135; baseline 0.009 -18"><span class='ocrx_word' id='word_1_51' title='bbox 143 1082 200 1135; x_wconf 83' lang='lat' dir='ltr'>rapt.</span> <span class='ocrx_word' id='word_1_52' title='bbox 214 1073 275 1120; x_wconf 75' lang='lat' dir='ltr'>Pron.</span> <span class='ocrx_word' id='word_1_53' title='bbox 287 1074 320 1120; x_wconf 89' lang='lat' dir='ltr'>iii.</span> <span class='ocrx_word' id='word_1_54' title='bbox 337 1088 394 1135; x_wconf 82' lang='lat'>²24·</span> <span class='ocrx_word' id='word_1_55' title='bbox 412 1075 450 1124; x_wconf 91' lang='lat' dir='ltr'>ubi</span> <span class='ocrx_word' id='word_1_56' title='bbox 460 1076 510 1122; x_wconf 90' lang='lat' dir='ltr'>vide</span> <span class='ocrx_word' id='word_1_57' title='bbox 518 1077 685 1123; x_wconf 80' lang='lat' dir='ltr'>Burmannum.</span> 
     </span>
    </p>

    <p class='ocr_par' dir='ltr' id='par_1_8' title="bbox 141 1161 947 1491">
     <span class='ocr_line' id='line_1_9' title="bbox 174 1161 947 1226; baseline 0.004 -19"><span class='ocrx_word' id='word_1_58' title='bbox 174 1161 231 1207; x_wconf 84' lang='lat' dir='ltr'>Ver.</span> <span class='ocrx_word' id='word_1_59' title='bbox 245 1174 299 1222; x_wconf 77' lang='lat'>514</span> <span class='ocrx_word' id='word_1_60' title='bbox 326 1163 412 1210; x_wconf 85' lang='lat' dir='ltr'>Omnes</span> <span class='ocrx_word' id='word_1_61' title='bbox 421 1164 470 1210; x_wconf 79' lang='lat' dir='ltr'>lites</span> <span class='ocrx_word' id='word_1_62' title='bbox 486 1165 512 1210; x_wconf 85' lang='lat' dir='ltr'>dc</span> <span class='ocrx_word' id='word_1_63' title='bbox 527 1165 568 1210; x_wconf 85' lang='lat' dir='ltr'>boc</span> <span class='ocrx_word' id='word_1_64' title='bbox 586 1166 634 1212; x_wconf 90' lang='lat' dir='ltr'>loco</span> <span class='ocrx_word' id='word_1_65' title='bbox 647 1174 717 1210; x_wconf 77' lang='lat' dir='ltr'>motas</span> <span class='ocrx_word' id='word_1_66' title='bbox 726 1164 790 1220; x_wconf 85' lang='lat' dir='ltr'>secat,</span> <span class='ocrx_word' id='word_1_67' title='bbox 806 1180 874 1226; x_wconf 87' lang='lat' dir='ltr'>quam</span> <span class='ocrx_word' id='word_1_68' title='bbox 884 1165 947 1213; x_wconf 49' lang='lat' dir='ltr'>dedit</span> 
     </span>
     <span class='ocr_line' id='line_1_10' title="bbox 141 1249 946 1316; baseline 0.009 -21"><span class='ocrx_word' id='word_1_69' title='bbox 141 1264 202 1306; x_wconf 82' lang='lat' dir='ltr'>mus,</span> <span class='ocrx_word' id='word_1_70' title='bbox 218 1249 352 1308; x_wconf 86' lang='lat' dir='ltr'>emendatio;</span> <span class='ocrx_word' id='word_1_71' title='bbox 369 1249 427 1297; x_wconf 70' lang='lat' dir='ltr'>unde</span> <span class='ocrx_word' id='word_1_72' title='bbox 437 1253 510 1300; x_wconf 76' lang='lat' dir='ltr'>versus</span> <span class='ocrx_word' id='word_1_73' title='bbox 519 1253 591 1301; x_wconf 82' lang='lat' dir='ltr'>evadit</span> <span class='ocrx_word' id='word_1_74' title='bbox 602 1249 652 1299; x_wconf 65' lang='lat' dir='ltr'>verb</span> <span class='ocrx_word' id='word_1_75' title='bbox 663 1252 766 1299; x_wconf 83' lang='lat' dir='ltr'>venustus</span> <span class='ocrx_word' id='word_1_76' title='bbox 775 1262 797 1299; x_wconf 91' lang='lat' dir='ltr'>et</span> <span class='ocrx_word' id='word_1_77' title='bbox 808 1254 870 1300; x_wconf 88' lang='lat' dir='ltr'>moili</span> <span class='ocrx_word' id='word_1_78' title='bbox 881 1252 946 1316; x_wconf 63' lang='lat' dir='ltr'>porta</span> 
     </span>
     <span class='ocr_line' id='line_1_11' title="bbox 141 1337 944 1405; baseline 0.007 -22"><span class='ocrx_word' id='word_1_79' title='bbox 141 1337 233 1397; x_wconf 84' lang='lat' dir='ltr'>dignus:</span> <span class='ocrx_word' id='word_1_80' title='bbox 247 1339 413 1400; x_wconf 81' lang='lat' dir='ltr'>‘Longaevum’</span> <span class='ocrx_word' id='word_1_81' title='bbox 425 1351 518 1403; x_wconf 83' lang='lat' dir='ltr'>patrem,</span> <span class='ocrx_word' id='word_1_82' title='bbox 529 1356 575 1402; x_wconf 76' lang='lat' dir='ltr'>prae</span> <span class='ocrx_word' id='word_1_83' title='bbox 584 1340 642 1387; x_wconf 83' lang='lat' dir='ltr'>senio</span> <span class='ocrx_word' id='word_1_84' title='bbox 650 1340 753 1387; x_wconf 85' lang='lat' dir='ltr'>inutiiern</span> <span class='ocrx_word' id='word_1_85' title='bbox 762 1339 798 1386; x_wconf 82' lang='lat' dir='ltr'>fibi</span> <span class='ocrx_word' id='word_1_86' title='bbox 802 1360 810 1399; x_wconf 87' lang='lat'>;</span> <span class='ocrx_word' id='word_1_87' title='bbox 820 1352 842 1388; x_wconf 89' lang='lat' dir='ltr'>et</span> <span class='ocrx_word' id='word_1_88' title='bbox 850 1352 944 1405; x_wconf 75' lang='lat' dir='ltr'>nepotes,</span> 
     </span>
     <span class='ocr_line' id='line_1_12' title="bbox 141 1426 668 1491; baseline 0.004 -18"><span class='ocrx_word' id='word_1_89' title='bbox 141 1426 170 1473; x_wconf 94' lang='lat' dir='ltr'>ob</span> <span class='ocrx_word' id='word_1_90' title='bbox 182 1426 298 1474; x_wconf 73' lang='lat' dir='ltr'>infantiam</span> <span class='ocrx_word' id='word_1_91' title='bbox 309 1428 437 1486; x_wconf 82' lang='lat' dir='ltr'>imbecillos,</span> <span class='ocrx_word' id='word_1_92' title='bbox 453 1439 475 1475; x_wconf 92' lang='lat' dir='ltr'>et</span> <span class='ocrx_word' id='word_1_93' title='bbox 485 1430 531 1491; x_wconf 84' lang='lat' dir='ltr'>opis</span> <span class='ocrx_word' id='word_1_94' title='bbox 542 1429 668 1489; x_wconf 80' lang='lat' dir='ltr'>indigentes.</span> 
     </span>
    </p>

    <p class='ocr_par' dir='ltr' id='par_1_9' title="bbox 140 1516 939 1666">
     <span class='ocr_line' id='line_1_13' title="bbox 174 1516 939 1580; baseline 0.003 -17"><span class='ocrx_word' id='word_1_95' title='bbox 174 1516 256 1576; x_wconf 79' lang='lat' dir='ltr'>Georg.</span> <span class='ocrx_word' id='word_1_96' title='bbox 268 1516 300 1565; x_wconf 91' lang='lat' dir='ltr'>iii.</span> <span class='ocrx_word' id='word_1_97' title='bbox 317 1532 362 1563; x_wconf 87' lang='lat' dir='ltr'>ver.</span> <span class='ocrx_word' id='word_1_98' title='bbox 373 1530 413 1580; x_wconf 80' lang='lat'>5⁰·</span> <span class='ocrx_word' id='word_1_99' title='bbox 438 1517 546 1576; x_wconf 79' lang='lat' dir='ltr'>Distinxi,</span> <span class='ocrx_word' id='word_1_100' title='bbox 562 1527 588 1564; x_wconf 89' lang='lat' dir='ltr'>ut</span> <span class='ocrx_word' id='word_1_101' title='bbox 603 1518 672 1578; x_wconf 80' lang='lat' dir='ltr'>gratia</span> <span class='ocrx_word' id='word_1_102' title='bbox 681 1516 847 1564; x_wconf 70' lang='lat' dir='ltr'>constmdtionis</span> <span class='ocrx_word' id='word_1_103' title='bbox 857 1533 939 1566; x_wconf 77' lang='lat' dir='ltr'>venus-</span> 
     </span>
     <span class='ocr_line' id='line_1_14' title="bbox 140 1603 918 1666; baseline 0.006 -17"><span class='ocrx_word' id='word_1_104' title='bbox 140 1603 203 1651; x_wconf 70' lang='lat' dir='ltr'>tionis</span> <span class='ocrx_word' id='word_1_105' title='bbox 214 1605 254 1650; x_wconf 83' lang='lat' dir='ltr'>stet</span> <span class='ocrx_word' id='word_1_106' title='bbox 265 1605 381 1651; x_wconf 82' lang='lat' dir='ltr'>incolumis</span> <span class='ocrx_word' id='word_1_107' title='bbox 389 1603 459 1666; x_wconf 76' lang='lat' dir='ltr'>po&#39;e&#39;tae</span> <span class='ocrx_word' id='word_1_108' title='bbox 469 1607 548 1652; x_wconf 83' lang='lat' dir='ltr'>nostro.</span> <span class='ocrx_word' id='word_1_109' title='bbox 584 1607 619 1653; x_wconf 85' lang='lat' dir='ltr'>Sic</span> <span class='ocrx_word' id='word_1_110' title='bbox 631 1605 733 1665; x_wconf 81' lang='lat' dir='ltr'>Ovidius,</span> <span class='ocrx_word' id='word_1_111' title='bbox 749 1605 805 1653; x_wconf 79' lang='lat' dir='ltr'>Fan.</span> <span class='ocrx_word' id='word_1_112' title='bbox 817 1606 843 1652; x_wconf 87' lang='lat' dir='ltr'>ii.</span> <span class='ocrx_word' id='word_1_113' title='bbox 862 1604 918 1654; x_wconf 85' lang='grc'><strong>688.</strong></span> 
     </span>
    </p>

    <p class='ocr_par' dir='ltr' id='par_1_10' title="bbox 143 1691 851 1842">
     <span class='ocr_line' id='line_1_15' title="bbox 269 1691 851 1756; baseline 0.005 -17"><span class='ocrx_word' id='word_1_114' title='bbox 269 1725 374 1740; x_wconf 88' lang='grc'><strong>.....</strong></span> <span class='ocrx_word' id='word_1_115' title='bbox 390 1693 425 1740; x_wconf 86' lang='lat' dir='ltr'>vir</span> <span class='ocrx_word' id='word_1_116' title='bbox 436 1693 536 1756; x_wconf 84' lang='lat' dir='ltr'>injustus,</span> <span class='ocrx_word' id='word_1_117' title='bbox 553 1692 631 1742; x_wconf 79' lang='lat' dir='ltr'>‘fortis</span> <span class='ocrx_word' id='word_1_118' title='bbox 640 1694 667 1740; x_wconf 88' lang='lat' dir='ltr'>ad</span> <span class='ocrx_word' id='word_1_119' title='bbox 681 1695 754 1741; x_wconf 84' lang='lat' dir='ltr'>arma’</span> <span class='ocrx_word' id='word_1_120' title='bbox 767 1691 851 1742; x_wconf 73' lang='lat' dir='ltr'>tamen.</span> 
     </span>
     <span class='ocr_line' id='line_1_16' title="bbox 143 1779 400 1842; baseline 0.008 -16"><span class='ocrx_word' id='word_1_121' title='bbox 143 1779 277 1842; x_wconf 79' lang='lat' dir='ltr'>Propertius,</span> <span class='ocrx_word' id='word_1_122' title='bbox 295 1781 319 1827; x_wconf 92' lang='lat' dir='ltr'>ii.</span> <span class='ocrx_word' id='word_1_123' title='bbox 337 1781 360 1828; x_wconf 94' lang='grc'><strong>8.</strong></span> <span class='ocrx_word' id='word_1_124' title='bbox 378 1796 400 1840; x_wconf 89' lang='lat'>7.</span> 
     </span>
    </p>

    <p class='ocr_par' dir='ltr' id='par_1_11' title="bbox 268 1868 911 1934">
     <span class='ocr_line' id='line_1_17' title="bbox 268 1868 911 1934; baseline 0.008 -18"><span class='ocrx_word' id='word_1_125' title='bbox 268 1871 321 1934; x_wconf 86' lang='lat' dir='ltr'>Jam</span> <span class='ocrx_word' id='word_1_126' title='bbox 333 1870 416 1917; x_wconf 89' lang='lat' dir='ltr'>liberet</span> <span class='ocrx_word' id='word_1_127' title='bbox 427 1868 518 1918; x_wconf 83' lang='lat' dir='ltr'>‘fortes’</span> <span class='ocrx_word' id='word_1_128' title='bbox 529 1885 653 1918; x_wconf 85' lang='lat' dir='ltr'>memorare</span> <span class='ocrx_word' id='word_1_129' title='bbox 663 1872 705 1918; x_wconf 80' lang='lat' dir='ltr'>‘ad</span> <span class='ocrx_word' id='word_1_130' title='bbox 714 1872 800 1934; x_wconf 76' lang='lat' dir='ltr'>przlia&#39;</span> <span class='ocrx_word' id='word_1_131' title='bbox 817 1883 911 1921; x_wconf 84' lang='lat' dir='ltr'>turmas.</span> 
     </span>
    </p>

    <p class='ocr_par' dir='ltr' id='par_1_12' title="bbox 122 1948 393 2019">
     <span class='ocr_line' id='line_1_18' title="bbox 122 1948 393 2019; baseline 0.004 -16"><span class='ocrx_word' id='word_1_132' title='bbox 122 1948 125 1953; x_wconf 49' lang='lat'>¹</span> <span class='ocrx_word' id='word_1_133' title='bbox 140 1957 229 2015; x_wconf 71' lang='lat' dir='ltr'>seneca,</span> <span class='ocrx_word' id='word_1_134' title='bbox 245 1958 327 2005; x_wconf 81' lang='lat' dir='ltr'>Troad</span> <span class='ocrx_word' id='word_1_135' title='bbox 340 1958 393 2019; x_wconf 85' lang='lat'>316.</span> 
     </span>
    </p>

    <p class='ocr_par' dir='ltr' id='par_1_13' title="bbox 138 2046 914 2285">
     <span class='ocr_line' id='line_1_19' title="bbox 268 2046 591 2108; baseline 0.006 -15"><span class='ocrx_word' id='word_1_136' title='bbox 268 2048 317 2093; x_wconf 82' lang='lat' dir='ltr'>Nec</span> <span class='ocrx_word' id='word_1_137' title='bbox 329 2048 372 2093; x_wconf 82' lang='lat' dir='ltr'>‘ad</span> <span class='ocrx_word' id='word_1_138' title='bbox 383 2049 503 2108; x_wconf 83' lang='lat' dir='ltr'>rogandum</span> <span class='ocrx_word' id='word_1_139' title='bbox 513 2046 591 2095; x_wconf 66' lang='lat' dir='ltr'>fortis?</span> 
     </span>
     <span class='ocr_line' id='line_1_20' title="bbox 138 2135 914 2205; baseline 0.008 -24"><span class='ocrx_word' id='word_1_140' title='bbox 138 2135 169 2181; x_wconf 84' lang='lat' dir='ltr'>Et</span> <span class='ocrx_word' id='word_1_141' title='bbox 177 2135 313 2192; x_wconf 81' lang='lat' dir='ltr'>Macrobius,</span> <span class='ocrx_word' id='word_1_142' title='bbox 331 2137 375 2183; x_wconf 87' lang='lat' dir='ltr'>Sat.</span> <span class='ocrx_word' id='word_1_143' title='bbox 387 2137 411 2184; x_wconf 91' lang='lat' dir='ltr'>ii.</span> <span class='ocrx_word' id='word_1_144' title='bbox 431 2151 453 2185; x_wconf 89' lang='lat' dir='ltr'>r.</span> <span class='ocrx_word' id='word_1_145' title='bbox 472 2137 518 2205; x_wconf 81' lang='lat' dir='ltr'>Qi</span> <span class='ocrx_word' id='word_1_146' title='bbox 529 2136 617 2185; x_wconf 80' lang='lat' dir='ltr'>rantdm</span> <span class='ocrx_word' id='word_1_147' title='bbox 628 2136 672 2185; x_wconf 84' lang='lat' dir='ltr'>fuit</span> <span class='ocrx_word' id='word_1_148' title='bbox 683 2136 759 2185; x_wconf 75' lang='lat' dir='ltr'>‘fortis</span> <span class='ocrx_word' id='word_1_149' title='bbox 768 2140 795 2187; x_wconf 84' lang='lat' dir='ltr'>ad</span> <span class='ocrx_word' id='word_1_150' title='bbox 805 2139 914 2187; x_wconf 67' lang='lat' dir='ltr'>crimina!</span> 
     </span>
     <span class='ocr_line' id='line_1_21' title="bbox 138 2224 484 2285; baseline 0.006 -15"><span class='ocrx_word' id='word_1_151' title='bbox 138 2224 238 2271; x_wconf 71' lang='lat' dir='ltr'>Accedat</span> <span class='ocrx_word' id='word_1_152' title='bbox 247 2225 364 2283; x_wconf 84' lang='lat' dir='ltr'>Manilius,</span> <span class='ocrx_word' id='word_1_153' title='bbox 381 2226 411 2273; x_wconf 87' lang='lat' dir='ltr'>iv.</span> <span class='ocrx_word' id='word_1_154' title='bbox 429 2224 484 2285; x_wconf 82' lang='lat'><strong>824.</strong></span> 
     </span>
    </p>

    <p class='ocr_par' dir='ltr' id='par_1_14' title="bbox 140 2314 761 2450">
     <span class='ocr_line' id='line_1_22' title="bbox 270 2314 761 2362; baseline 0.006 -3"><span class='ocrx_word' id='word_1_155' title='bbox 270 2346 418 2361; x_wconf 89' lang='grc'><strong>.......</strong></span> <span class='ocrx_word' id='word_1_156' title='bbox 434 2314 533 2361; x_wconf 74' lang='lat' dir='ltr'>‘steriles</span> <span class='ocrx_word' id='word_1_157' title='bbox 544 2314 571 2361; x_wconf 85' lang='lat' dir='ltr'>ad</span> <span class='ocrx_word' id='word_1_158' title='bbox 581 2314 676 2362; x_wconf 87' lang='lat' dir='ltr'>semina’</span> <span class='ocrx_word' id='word_1_159' title='bbox 689 2324 761 2362; x_wconf 81' lang='lat' dir='ltr'>terrae.</span> 
     </span>
     <span class='ocr_line' id='line_1_23' title="bbox 140 2398 658 2450; baseline 0.004 -3"><span class='ocrx_word' id='word_1_160' title='bbox 140 2398 250 2448; x_wconf 72' lang='lat' dir='ltr'>Similitir</span> <span class='ocrx_word' id='word_1_161' title='bbox 260 2417 312 2449; x_wconf 85' lang='lat' dir='ltr'>mox</span> <span class='ocrx_word' id='word_1_162' title='bbox 323 2402 351 2449; x_wconf 90' lang='lat' dir='ltr'>ad</span> <span class='ocrx_word' id='word_1_163' title='bbox 360 2417 407 2448; x_wconf 86' lang='lat' dir='ltr'>ver.</span> <span class='ocrx_word' id='word_1_164' title='bbox 419 2401 458 2448; x_wconf 85' lang='lat'>62.</span> <span class='ocrx_word' id='word_1_165' title='bbox 474 2401 554 2449; x_wconf 77' lang='lat' dir='ltr'>‘fortis</span> <span class='ocrx_word' id='word_1_166' title='bbox 565 2403 658 2450; x_wconf 71' lang='lat' dir='ltr'>aratris!</span> 
     </span>
    </p>

    <p class='ocr_par' dir='ltr' id='par_1_15' title="bbox 135 2490 942 2821">
     <span class='ocr_line' id='line_1_24' title="bbox 169 2490 941 2555; baseline 0.008 -18"><span class='ocrx_word' id='word_1_167' title='bbox 169 2490 227 2537; x_wconf 86' lang='lat' dir='ltr'>Ver.</span> <span class='ocrx_word' id='word_1_168' title='bbox 240 2490 253 2535; x_wconf 88' lang='lat'>8</span> <span class='ocrx_word' id='word_1_169' title='bbox 257 2503 277 2550; x_wconf 78' lang='lat'>5.</span> <span class='ocrx_word' id='word_1_170' title='bbox 304 2490 360 2537; x_wconf 91' lang='lat' dir='ltr'>Dedi</span> <span class='ocrx_word' id='word_1_171' title='bbox 371 2506 448 2537; x_wconf 88' lang='lat' dir='ltr'>vocem</span> <span class='ocrx_word' id='word_1_172' title='bbox 460 2492 585 2555; x_wconf 73' lang='lat' dir='ltr'>multorum</span> <span class='ocrx_word' id='word_1_173' title='bbox 599 2491 702 2537; x_wconf 87' lang='lat' dir='ltr'>codicum</span> <span class='ocrx_word' id='word_1_174' title='bbox 715 2492 845 2544; x_wconf 61' lang='lat' dir='ltr'>crudentate</span> <span class='ocrx_word' id='word_1_175' title='bbox 855 2493 941 2555; x_wconf 57' lang='lat' dir='ltr'>nixam</span> 
     </span>
     <span class='ocr_line' id='line_1_25' title="bbox 137 2579 942 2642; baseline 0.009 -18"><span class='ocrx_word' id='word_1_176' title='bbox 137 2595 205 2642; x_wconf 83' lang='lat' dir='ltr'>quam</span> <span class='ocrx_word' id='word_1_177' title='bbox 215 2579 271 2625; x_wconf 86' lang='lat' dir='ltr'>oiim</span> <span class='ocrx_word' id='word_1_178' title='bbox 282 2579 368 2639; x_wconf 85' lang='lat' dir='ltr'>ingenio</span> <span class='ocrx_word' id='word_1_179' title='bbox 378 2580 514 2627; x_wconf 85' lang='lat' dir='ltr'>extudetam.</span> <span class='ocrx_word' id='word_1_180' title='bbox 547 2579 654 2626; x_wconf 90' lang='lat' dir='ltr'>Nitidum</span> <span class='ocrx_word' id='word_1_181' title='bbox 664 2580 790 2641; x_wconf 82' lang='lat' dir='ltr'>scriptorem</span> <span class='ocrx_word' id='word_1_182' title='bbox 803 2579 881 2629; x_wconf 80' lang='lat' dir='ltr'>foedior</span> <span class='ocrx_word' id='word_1_183' title='bbox 890 2600 942 2631; x_wconf 89' lang='lat' dir='ltr'>ma·</span> 
     </span>
     <span class='ocr_line' id='line_1_26' title="bbox 135 2663 941 2730; baseline 0.007 -17"><span class='ocrx_word' id='word_1_184' title='bbox 135 2668 188 2713; x_wconf 85' lang='lat' dir='ltr'>cula</span> <span class='ocrx_word' id='word_1_185' title='bbox 205 2663 293 2727; x_wconf 70' lang='lat' dir='ltr'>vulgati</span> <span class='ocrx_word' id='word_1_186' title='bbox 311 2666 403 2713; x_wconf 75' lang='lat' dir='ltr'>ledbione</span> <span class='ocrx_word' id='word_1_187' title='bbox 420 2682 464 2713; x_wconf 92' lang='lat' dir='ltr'>non</span> <span class='ocrx_word' id='word_1_188' title='bbox 481 2666 589 2728; x_wconf 85' lang='lat' dir='ltr'>inquinat.</span> <span class='ocrx_word' id='word_1_189' title='bbox 622 2668 671 2713; x_wconf 79' lang='lat' dir='ltr'>Nos</span> <span class='ocrx_word' id='word_1_190' title='bbox 686 2683 740 2714; x_wconf 84' lang='lat' dir='ltr'>mox</span> <span class='ocrx_word' id='word_1_191' title='bbox 758 2671 785 2716; x_wconf 84' lang='lat' dir='ltr'>ad</span> <span class='ocrx_word' id='word_1_192' title='bbox 801 2670 941 2730; x_wconf 90' lang='lat' dir='ltr'>Lucretium,</span> 
     </span>
     <span class='ocr_line' id='line_1_27' title="bbox 138 2753 939 2821; baseline 0.001 -18"><span class='ocrx_word' id='word_1_193' title='bbox 138 2772 162 2803; x_wconf 84' lang='grc' dir='ltr'>ν.</span> <span class='ocrx_word' id='word_1_194' title='bbox 177 2754 249 2816; x_wconf 77' lang='lat'>1063.</span> <span class='ocrx_word' id='word_1_195' title='bbox 267 2766 289 2802; x_wconf 92' lang='lat' dir='ltr'>et</span> <span class='ocrx_word' id='word_1_196' title='bbox 299 2753 374 2802; x_wconf 78' lang='lat' dir='ltr'>conset</span> <span class='ocrx_word' id='word_1_197' title='bbox 386 2755 452 2802; x_wconf 89' lang='lat' dir='ltr'>nostri</span> <span class='ocrx_word' id='word_1_198' title='bbox 462 2770 507 2800; x_wconf 85' lang='lat' dir='ltr'>ver.</span> <span class='ocrx_word' id='word_1_199' title='bbox 519 2754 558 2815; x_wconf 82' lang='lat'>83.</span> <span class='ocrx_word' id='word_1_200' title='bbox 569 2770 622 2801; x_wconf 83' lang='lat' dir='ltr'>cum</span> <span class='ocrx_word' id='word_1_201' title='bbox 632 2755 719 2802; x_wconf 87' lang='lat' dir='ltr'>Lucret.</span> <span class='ocrx_word' id='word_1_202' title='bbox 732 2757 785 2804; x_wconf 83' lang='lat' dir='ltr'>ibid.</span> <span class='ocrx_word' id='word_1_203' title='bbox 796 2772 840 2804; x_wconf 84' lang='lat' dir='ltr'>vcr.</span> <span class='ocrx_word' id='word_1_204' title='bbox 854 2772 939 2821; x_wconf 83' lang='lat'>1075·.</span> 
     </span>
    </p>

    <p class='ocr_par' dir='ltr' id='par_1_16' title="bbox 137 2842 941 3179">
     <span class='ocr_line' id='line_1_28' title="bbox 169 2842 941 2908; baseline 0.001 -15"><span class='ocrx_word' id='word_1_205' title='bbox 169 2848 223 2894; x_wconf 89' lang='lat' dir='ltr'>Ver.</span> <span class='ocrx_word' id='word_1_206' title='bbox 237 2860 290 2907; x_wconf 87' lang='lat'><em>129.</em></span> <span class='ocrx_word' id='word_1_207' title='bbox 316 2842 480 2904; x_wconf 69' lang='lat' dir='ltr'>Italegendum</span> <span class='ocrx_word' id='word_1_208' title='bbox 490 2844 694 2895; x_wconf 75' lang='lat' dir='ltr'>effenihilcertiua.</span> <span class='ocrx_word' id='word_1_209' title='bbox 726 2847 790 2894; x_wconf 80' lang='lat' dir='ltr'>Alibi</span> <span class='ocrx_word' id='word_1_210' title='bbox 801 2848 907 2908; x_wconf 85' lang='lat' dir='ltr'>diximus,</span> <span class='ocrx_word' id='word_1_211' title='bbox 918 2858 941 2894; x_wconf 89' lang='lat' dir='ltr'>et</span> 
     </span>
     <span class='ocr_line' id='line_1_29' title="bbox 137 2920 503 2981; baseline -0.008 0"><span class='ocrx_word' id='word_1_212' title='bbox 137 2934 214 2981; x_wconf 87' lang='lat' dir='ltr'>firmat</span> <span class='ocrx_word' id='word_1_213' title='bbox 223 2935 290 2981; x_wconf 85' lang='lat' dir='ltr'>codex</span> <span class='ocrx_word' id='word_1_214' title='bbox 300 2931 312 2979; x_wconf 72' lang='lat' dir='ltr'>d</span> <span class='ocrx_word' id='word_1_215' title='bbox 324 2920 415 2981; x_wconf 70' lang='lat' dir='ltr'>secundi</span> <span class='ocrx_word' id='word_1_216' title='bbox 426 2948 503 2981; x_wconf 89' lang='lat' dir='ltr'>manu.</span> 
     </span>
     <span class='ocr_line' id='line_1_30' title="bbox 147 3022 938 3085; baseline 0.003 -13"><span class='ocrx_word' id='word_1_217' title='bbox 147 3058 149 3061; x_wconf 54' lang='lat'>&lt;</span> <span class='ocrx_word' id='word_1_218' title='bbox 170 3027 224 3072; x_wconf 86' lang='lat' dir='ltr'>Ver.</span> <span class='ocrx_word' id='word_1_219' title='bbox 235 3038 291 3085; x_wconf 82' lang='lat'><em>230.</em></span> <span class='ocrx_word' id='word_1_220' title='bbox 314 3024 435 3071; x_wconf 66' lang='lat' dir='ltr'>‘Pernoxl</span> <span class='ocrx_word' id='word_1_221' title='bbox 467 3022 532 3071; x_wconf 82' lang='lat' dir='ltr'>Hanc</span> <span class='ocrx_word' id='word_1_222' title='bbox 541 3022 659 3070; x_wconf 68' lang='lat' dir='ltr'>rectionem</span> <span class='ocrx_word' id='word_1_223' title='bbox 669 3023 744 3071; x_wconf 84' lang='lat' dir='ltr'>firmat</span> <span class='ocrx_word' id='word_1_224' title='bbox 754 3026 851 3075; x_wconf 77' lang='lat' dir='ltr'>Lucretii</span> <span class='ocrx_word' id='word_1_225' title='bbox 867 3027 938 3085; x_wconf 85' lang='lat' dir='ltr'>locus,</span> 
     </span>
     <span class='ocr_line' id='line_1_31' title="bbox 138 3109 637 3179; baseline -0.006 -19"><span class='ocrx_word' id='word_1_226' title='bbox 138 3131 160 3162; x_wconf 86' lang='lat' dir='ltr'>v.</span> <span class='ocrx_word' id='word_1_227' title='bbox 172 3114 231 3179; x_wconf 84' lang='grc'><strong>984.</strong></span> <span class='ocrx_word' id='word_1_228' title='bbox 249 3113 279 3175; x_wconf 88' lang='lat'>98</span> <span class='ocrx_word' id='word_1_229' title='bbox 283 3129 305 3176; x_wconf 79' lang='grc' dir='ltr'>ς.</span> <span class='ocrx_word' id='word_1_230' title='bbox 324 3109 380 3159; x_wconf 59' lang='lat' dir='ltr'>und?</span> <span class='ocrx_word' id='word_1_231' title='bbox 390 3112 427 3157; x_wconf 88' lang='lat' dir='ltr'>sua</span> <span class='ocrx_word' id='word_1_232' title='bbox 438 3111 549 3158; x_wconf 83' lang='lat' dir='ltr'>mutuavit</span> <span class='ocrx_word' id='word_1_233' title='bbox 559 3111 637 3157; x_wconf 86' lang='lat' dir='ltr'>noster.</span> 
     </span>
    </p>

    <p class='ocr_par' dir='ltr' id='par_1_17' title="bbox 136 3198 954 3437">
     <span class='ocr_line' id='line_1_32' title="bbox 170 3198 954 3266; baseline -0.001 -16"><span class='ocrx_word' id='word_1_234' title='bbox 170 3204 225 3251; x_wconf 86' lang='lat' dir='ltr'>Ver.</span> <span class='ocrx_word' id='word_1_235' title='bbox 236 3215 293 3262; x_wconf 81' lang='lat'><em>243.</em></span> <span class='ocrx_word' id='word_1_236' title='bbox 319 3200 434 3248; x_wconf 79' lang='lat' dir='ltr'>verissima</span> <span class='ocrx_word' id='word_1_237' title='bbox 453 3199 511 3255; x_wconf 77' lang='lat' dir='ltr'>sunt,</span> <span class='ocrx_word' id='word_1_238' title='bbox 528 3214 579 3261; x_wconf 81' lang='lat' dir='ltr'>quae</span> <span class='ocrx_word' id='word_1_239' title='bbox 593 3198 677 3246; x_wconf 75' lang='lat' dir='ltr'>dudum</span> <span class='ocrx_word' id='word_1_240' title='bbox 687 3201 715 3247; x_wconf 92' lang='lat' dir='ltr'>ad</span> <span class='ocrx_word' id='word_1_241' title='bbox 728 3202 804 3249; x_wconf 88' lang='lat' dir='ltr'>locum</span> <span class='ocrx_word' id='word_1_242' title='bbox 818 3204 939 3266; x_wconf 82' lang='lat' dir='ltr'>disputavi·</span> <span class='ocrx_word' id='word_1_243' title='bbox 951 3245 954 3249; x_wconf 94' lang='grc'><em>,</em></span> 
     </span>
     <span class='ocr_line' id='line_1_33' title="bbox 137 3285 940 3356; baseline 0.006 -19"><span class='ocrx_word' id='word_1_244' title='bbox 137 3307 201 3348; x_wconf 79' lang='lat' dir='ltr'>mus3</span> <span class='ocrx_word' id='word_1_245' title='bbox 218 3290 305 3352; x_wconf 71' lang='lat' dir='ltr'>poitam</span> <span class='ocrx_word' id='word_1_246' title='bbox 317 3285 396 3351; x_wconf 70' lang='lat' dir='ltr'>nempi</span> <span class='ocrx_word' id='word_1_247' title='bbox 411 3286 529 3350; x_wconf 85' lang='lat' dir='ltr'>‘pecudes&#39;</span> <span class='ocrx_word' id='word_1_248' title='bbox 541 3301 647 3349; x_wconf 84' lang='lat' dir='ltr'>exponere</span> <span class='ocrx_word' id='word_1_249' title='bbox 657 3289 714 3335; x_wconf 90' lang='lat' dir='ltr'>velle</span> <span class='ocrx_word' id='word_1_250' title='bbox 723 3305 761 3351; x_wconf 83' lang='lat' dir='ltr'>pet</span> <span class='ocrx_word' id='word_1_251' title='bbox 770 3295 778 3323; x_wconf 81' lang='lat'>⁴</span> <span class='ocrx_word' id='word_1_252' title='bbox 786 3307 854 3354; x_wconf 77' lang='lat' dir='ltr'>genus</span> <span class='ocrx_word' id='word_1_253' title='bbox 863 3309 940 3356; x_wconf 84' lang='lat' dir='ltr'>aequo·</span> 
     </span>
     <span class='ocr_line' id='line_1_34' title="bbox 136 3375 729 3437; baseline -0.008 -9"><span class='ocrx_word' id='word_1_254' title='bbox 136 3381 216 3428; x_wconf 71' lang='lat' dir='ltr'>reum!</span> <span class='ocrx_word' id='word_1_255' title='bbox 249 3376 351 3436; x_wconf 67' lang='lat' dir='ltr'>Pulchre,</span> <span class='ocrx_word' id='word_1_256' title='bbox 367 3386 392 3424; x_wconf 86' lang='lat' dir='ltr'>ut</span> <span class='ocrx_word' id='word_1_257' title='bbox 402 3376 463 3433; x_wconf 83' lang='lat' dir='ltr'>solet,</span> <span class='ocrx_word' id='word_1_258' title='bbox 480 3375 590 3433; x_wconf 73' lang='lat' dir='ltr'>Nonnus„</span> <span class='ocrx_word' id='word_1_259' title='bbox 600 3375 693 3437; x_wconf 83' lang='lat' dir='ltr'>Dionys.</span> <span class='ocrx_word' id='word_1_260' title='bbox 704 3392 729 3425; x_wconf 83' lang='lat' dir='ltr'>v.</span> 
     </span>
    </p>
   </div>
   <div class='ocr_carea' id='block_1_6' title="bbox 0 0 1130 4050">
    <p class='ocr_par' dir='ltr' id='par_1_18' title="bbox 0 0 1130 4050">
     <span class='ocr_line' id='line_1_35' title="bbox 0 0 1130 4050; baseline 0 2"><span class='ocrx_word' id='word_1_261' title='bbox 0 0 1130 4050; x_wconf 95' lang='lat' dir='ltr'> </span> 
     </span>
    </p>
   </div>
  </div>
 </body>
</html>
