2250 4050
169 452 209 509 ts
403 444 735 516 GEORGICON,
861 454 910 506 tal

169 602 217 661 Ne
230 602 349 661 subeant
360 601 465 672 herbae,
485 623 541 663 neu
554 604 671 682 pulvere
683 603 761 662 vina
773 601 905 661 satifmtr'

168 707 248 764 Tum
259 706 345 764 variae
357 705 491 765 inludant
501 707 604 784 petico:
626 707 700 784 faepe
711 705 837 782 exiguus
848 723 907 765 mua

170 809 229 867 Sub
243 809 324 866 terris
336 808 487 886 posuitque
499 811 598 868 domos
610 809 814 885 atque'horrea
825 806 905 878 feeit;

170 911 234 969 Aut
245 911 336 970 oculis
349 912 427 988 capti
439 912 537 970 fodere
549 911 657 970 cubilia
670 911 771 988 talpae3

172 1016 364 1093 Inventusque
376 1016 453 1074 (ravis
465 1016 549 1085 bufo,
566 1025 597 1087 et
609 1034 675 1092 quae
687 1015 814 1092 plurima
828 1025 904 1074 terra

172 1118 299 1177 Monstra
316 1119 425 1191 ferunt3
446 1119 621 1197 populatque
633 1119 785 1196 ingentem
800 1119 881 1177 farris
891 1135 912 1176 at

195 1272 199 1279 .
251 1239 320 1280 vum

173 1323 319 1394 Curculio,
333 1331 419 1400 atque
431 1323 512 1402 inopi
524 1331 655 1382 metuens
668 1321 792 1383 formica
805 1321 912 1391 senode

214 1427 431 1504 Contemplator
442 1427 523 1502 item,
541 1445 633 1503 quum
645 1426 674 1484 se
686 1444 749 1485 nux
761 1425 884 1503 plurima
896 1423 912 1482 fi

79 1567 84 1575 ·
174 1529 279 1586 Induet
291 1529 324 1587 in
337 1529 447 1599 florem,
466 1537 497 1586 et
509 1548 602 1591 ramos
615 1528 747 1587 curvabit
759 1528 878 1587 olentis:

176 1631 205 1689 Si
218 1631 351 1709 superant
363 1632 448 1702 fetus,
468 1630 575 1708 'pariter
587 1631 732 1690 frumenta
745 1629 904 1707 sequentur,

175 1733 342 1812 Magnaque
354 1754 423 1793 cum
434 1752 540 1810 magno
552 1733 651 1792 veniet
662 1733 766 1791 tritura
779 1733 886 1809 calore:

175 1837 228 1906 At,
247 1835 394 1895 srluxurii
405 1835 543 1894 foliorum
555 1838 695 1894 exuberat
706 1838 820 1906 umbra,

176 1940 381 2018 Nequidquam
394 1940 511 2019 pinguia
522 1940 605 2018 palei
617 1949 690 1997 teret
701 1958 766 2001 area
779 1928 895 1998 culmbr.

177 2045 291 2125 Semina
304 2044 364 2103 vidi
375 2044 511 2121 equidem
523 2045 629 2102 multos
642 2044 785 2102 medicare
797 2043 912 2102 serente

177 2148 215 2205 Et
224 2147 305 2206 uitro
316 2148 396 2224 prius
406 2156 437 2205 et
450 2147 534 2225 nigra
546 2146 720 2223 persuadere
733 2149 867 2218 amurca;

177 2249 320 2310 Grandior
332 2259 367 2308 ut
378 2250 454 2308 setus
466 2249 575 2325 siliquis
590 2248 740 2307 fallacibus
754 2249 837 2307 esset:

177 2354 229 2423 At,
249 2352 379 2430 quamvis
391 2352 454 2429 igni
466 2352 574 2429 exiguo
586 2361 736 2429 properata
749 2352 904 2419 maderent,

176 2457 247 2517 Vidi
259 2456 331 2515 ledia
344 2456 404 2524 diu,
424 2464 454 2513 et
465 2455 558 2513 multo
572 2454 695 2532 speftata
708 2454 818 2524 labore,

177 2558 360 2636 Degenerare
373 2568 482 2630 tamen3
503 2557 535 2615 ni
548 2557 591 2616 vis
604 2557 731 2615 humana
743 2573 816 2635 quot
828 2555 907 2617 annia

178 2661 320 2720 Maxuma
333 2679 454 2737 quaeque
467 2678 556 2717 manu
568 2659 691 2735 legeret:
715 2659 753 2716 fic
767 2660 868 2721 omnia
879 2659 912 2717 fat

178 2764 214 2823 In
226 2763 308 2842 pejus
319 2765 418 2833 fluere,
437 2744 471 2820 ao
484 2771 560 2821 retro
573 2760 704 2840 sublapsa
717 2762 827 2822 referri.

179 2867 249 2926 Non
260 2866 352 2935 aliter,
363 2884 451 2943 quam
460 2865 513 2941 qui
528 2864 649 2923 adverso
659 2864 710 2923 vix
723 2865 848 2924 flumine
859 2865 912 2928 lem

179 2971 320 3049 Remigiis
332 2968 449 3045 subigit,
471 2968 492 3026 fi
504 2967 621 3026 brachia
635 2967 710 3025 forte
723 2968 842 3041 remifit,

179 3075 279 3150 Atque
290 3072 375 3130 illum
387 3071 419 3130 in
432 3090 557 3149 praecepa
570 3090 660 3148 prono
677 3071 752 3147 rapit
765 3072 862 3131 alvena
873 3088 912 3130 am

217 3177 364 3245 Praeterea,
384 3184 445 3233 tam
458 3173 524 3232 funt
537 3173 655 3232 Arsturi
668 3174 758 3232 fidem
771 3176 865 3247 nobis,

179 3277 394 3354 Haedorumqne
407 3275 468 3335 dies
480 3276 620 3345 servandi,
646 3286 677 3335 et
689 3277 803 3337 lucidus
815 3275 912 3356 Angui

180 3380 279 3444 Quam
289 3380 395 3460 quibua
405 3380 437 3440 in
449 3380 574 3459 patriam
581 3379 698 3443 ventosa
707 3399 760 3459 per
770 3397 911 3460 aequorar
