2250 4050
147 466 225 533 471.
431 460 529 521 LIB.
569 460 610 520 11.
856 462 916 517 288

146 615 229 686 ralis,
241 615 296 675 ubi
304 615 337 675 iu
346 615 443 675 lucem
452 618 578 686 coluber,
587 615 663 674 mala
673 611 802 692 gramina
811 612 915 689 pastun

145 718 230 797 igida
242 717 298 776 sub
311 718 385 777 terri
396 719 539 793 tumidum
552 736 639 794 quem
656 719 756 774 bruma
769 716 900 790 tegebat3

146 839 212 888 suc,
232 819 333 896 pofitis
349 839 439 878 novus
451 820 571 890 exuviis,
592 819 755 894 nitidusque
764 815 894 893 juventi,

146 921 672 1001 1baiua·couvolvit,sublatopediore,
692 930 780 996 terga,

146 1025 234 1082 dnus
247 1024 286 1082 ad
298 1023 396 1093 solem,
414 1034 446 1082 et
457 1025 564 1102 linguis
577 1024 665 1081 micat
677 1041 725 1080 ore
738 1019 868 1079 trisulcis.

146 1126 180 1185 aa
190 1125 301 1203 ingens
311 1126 453 1203 Periphas,
462 1137 501 1196 et,
508 1144 648 1202 equorum
657 1126 781 1202 agitator
790 1120 916 1184 Achiuis

146 1227 264 1305 miger,
277 1228 462 1287 Automedon
469 1253 478 1299 3
489 1229 557 1289 uui
569 1227 663 1289 omnis
676 1227 772 1304 Scyria
784 1228 875 1304 pubes

146 1331 280 1390 condunt
293 1330 378 1402 tedio,
398 1338 428 1389 et
439 1332 570 1391 flammas
582 1331 619 1389 ad
630 1329 758 1388 culmina
766 1327 886 1406 judiam.

146 1434 173 1492 se
185 1432 270 1491 inter
279 1432 387 1509 primos
399 1433 535 1510 comwtd
546 1435 617 1492 dura
630 1431 750 1508 bipenni

146 1517 234 1596 mina
242 1535 414 1612 perrumpit,
432 1536 580 1612 postesque
592 1553 608 1596 a
620 1533 735 1597 cardine
747 1532 828 1595 vellit

146 1642 249 1696 iratos:
267 1634 395 1713 jamque,
414 1637 508 1697 exciti
521 1639 610 1708 trabe,
630 1638 713 1698 firma
726 1636 837 1697 cavavit

146 1742 238 1809 ibera,
259 1749 291 1796 et
300 1739 450 1816 ingentem
461 1740 521 1799 lato
532 1740 613 1799 dedit
625 1757 673 1799 ore
686 1741 846 1803 fenestram.

146 1843 246 1917 iparet
258 1841 360 1899 domus
371 1841 461 1909 intus,
480 1852 510 1900 et
522 1842 595 1900 atria
608 1843 694 1919 longa
707 1841 871 1919 patescunt3
894 1880 898 1885 -

146 1945 267 2025 ipareut
280 1942 384 2002 Priami
401 1934 432 2001 'et
443 1953 573 2003 veterum
585 1945 742 2021 penetralia
755 1964 872 2022 regum:

146 2054 309 2122 nuatoeque
321 2045 419 2106 vident
432 2047 530 2105 iirntis
543 2048 574 2105 in
587 2047 689 2106 limine
700 2047 803 2125 primo.
903 2095 905 2099 .

151 2149 197 2207 At
208 2148 312 2208 domus
324 2148 444 2207 interior
456 2148 576 2226 gemitu,
589 2150 749 2226 miseroque
763 2150 902 2220 tumultu,

146 2251 271 2323 iscetu'13
292 2252 464 2330 penitusque
476 2271 553 2312 cavae
565 2253 750 2330 plangoribus
762 2255 836 2312 adea

146 2353 258 2413 mincis
271 2354 398 2425 ululaut5
420 2354 488 2414 ferit
501 2374 586 2414 aurea
599 2355 688 2413 fidera
701 2355 817 2416 clamor.

146 2476 193 2517 um
205 2456 317 2533 pavidae
330 2457 411 2515 teffls
424 2466 527 2516 matres
540 2456 707 2533 ingentibus
720 2466 825 2526 errant,

146 2559 325 2636 mplexaeque
337 2568 436 2617 tenent
448 2558 547 2635 postes,
568 2569 655 2635 atque
668 2559 763 2618 oscula
776 2560 881 2637 figunt.

146 2663 204 2719 stat
216 2660 247 2719 vi
259 2660 352 2738 patrii
364 2649 501 2738 Pyrrhum
523 2680 577 2721 nec
588 2662 716 2730 claustra,
735 2681 829 2739 neque
841 2663 899 2741 ipfi

146 2764 261 2833 ustodes,
281 2762 397 2822 sufferre
409 2764 519 2822 valent:
541 2764 620 2822 labat
632 2765 720 2824 ariete
732 2767 830 2830 crebro

147 2885 218 2937 uua,
238 2875 271 2923 et
282 2866 372 2924 emoti
384 2867 577 2943 procumbunt
589 2868 704 2927 cardine
716 2868 815 2943 postes.

146 2978 160 3029 t
171 2970 220 3030 via
232 2968 276 3026 vi:
298 2978 436 3045 rumpunt
448 2968 551 3039 aditus,
571 2968 736 3045 primosque
749 2969 896 3028 trucidant

146 3070 225 3130 miffi
237 3069 342 3138 Danai,
362 3077 393 3127 et
405 3070 464 3130 late
476 3070 538 3129 loca
551 3071 645 3132 milite
656 3071 803 3147 conplent.

146 3193 185 3232 on
198 3173 247 3242 fic,
267 3172 421 3249 aggeribus
432 3172 533 3247 ruptis,
553 3192 643 3248 quum
656 3174 789 3251 spumeus
801 3174 897 3243 amnis

146 3277 206 3349 siit,
225 3276 424 3354 oppofitasque
435 3275 522 3337 evicit
535 3276 652 3356 gurgite
664 3277 762 3347 moles,

146 3391 217 3440 ntur
227 3379 258 3438 iu
269 3397 336 3439 arva
342 3378 440 3438 surena
447 3378 574 3451 cumulo,
584 3379 914 3457 camposquepernmuis
