2250 4050
175 458 231 512 reo
472 448 542 513 CU
556 456 582 513 L
595 452 673 513 EX.
877 449 944 517 vill·

173 603 388 688 Pollenternque
401 610 462 680 fibi,
481 611 569 670 viridi
581 630 649 670 cum
661 609 783 689 palmite
795 609 890 667 ludens
943 598 946 605 '

83 696 105 755 ἶ
171 712 287 770 Tmolia
301 713 455 790 pampineo
467 713 566 772 subter
577 732 659 771 coma
673 713 751 771 velat
762 711 875 770 amittu.

174 815 224 872 llli
237 815 303 873 sunt
315 835 417 887 vaccae,
438 826 468 873 et
480 825 608 874 rorantes
619 816 694 874 lacte
707 814 835 891 capellae,

173 918 212 976 Et
226 937 335 987 nemus,
355 925 384 975 et
398 919 521 977 fecunda
535 919 623 988 Pales,
643 927 674 976 et
686 917 809 977 vallibtu
821 913 884 974 imis

175 1022 291 1098 Semper
304 1040 401 1097 opaca,
422 1021 503 1080 novis
516 1021 663 1081 manantia
676 1020 817 1090 fontibus,
836 1028 913 1077 antra.

175 1123 251 1182 Quis
264 1123 356 1199 magis
369 1133 467 1201 optatu
479 1135 565 1200 queat
576 1125 632 1183 elie
644 1125 756 1182 beatior
767 1143 838 1195 aevo,

175 1227 336 1302 Quamqui
349 1236 447 1284 mente
458 1227 558 1304 procul
571 1229 652 1303 pura,
666 1226 807 1302 sensuque
819 1217 945 1304 probando,

173 1329 243 1387 Non
257 1328 353 1386 avidas
366 1330 484 1406 agnovit
496 1349 576 1406 opes3
598 1348 657 1387 non
670 1329 760 1387 tristia
773 1330 856 1397 bella,

174 1431 240 1488 Nec
252 1431 362 1488 funesta
376 1431 460 1490 timet
473 1433 575 1491 validae
587 1433 745 1491 certamina
758 1432 861 1503 claffis3

173 1534 254 1602 Non,
274 1532 370 1610 spoliis
384 1535 454 1592 dum
467 1534 561 1592 saneta
574 1535 662 1593 deum
674 1534 855 1612 fulgentibus
865 1535 930 1590 ornet

173 1635 304 1712 Templa,
319 1636 363 1694 vel
378 1637 491 1694 evedtus
502 1638 593 1695 finem
606 1634 788 1696 transcendat
800 1633 921 1700 habendi,

174 1738 336 1797 Adversum
348 1739 426 1796 saevis
440 1739 515 1797 ultro
526 1749 614 1817 caput
626 1740 752 1799 hostibus
762 1741 856 1800 offert.

174 1842 223 1898 Illi
237 1843 311 1900 falce
324 1834 392 1899 deus
405 1842 518 1912 colitur,
538 1861 596 1900 non
610 1852 680 1912 arte,
699 1843 825 1920 politus3
903 1846 907 1866 ⁵

174 1944 229 2002 llle
243 1944 312 2002 colit
324 1945 403 2002 lucos
408 1969 416 2014 ;
439 1944 483 2002 illi
496 1944 638 2003 Panchaia
653 1957 726 2015 tura,

174 2047 305 2106 Floribus
318 2048 438 2125 agrestes
450 2048 547 2106 herbae
559 2045 746 2121 variantibus,¹
765 2051 867 2110 adsunt
871 2076 880 2124 ;

174 2150 223 2208 llli
236 2151 327 2209 dulcis
341 2152 417 2209 adest
429 2151 549 2228 requies,
570 2161 600 2209 et
612 2171 683 2228 pura
696 2153 839 2231 voluptas,

166 2253 279 2311 'Libera
292 2253 454 2311 vindicibus
468 2253 556 2311 curis:
578 2254 636 2312 huc
648 2254 782 2326 inminet,
803 2256 893 2315 omnis

174 2356 286 2434 Dirigit
298 2358 355 2415 huc
368 2356 473 2427 sensus,
493 2357 555 2415 haec
568 2376 635 2415 cura
647 2359 687 2415 est
699 2358 815 2418 subdita
826 2355 908 2426 curdi.

176 2460 318 2518 Quolibet
330 2440 366 2517 ut
377 2459 476 2535 requie
488 2459 567 2518 victu
580 2469 732 2518 contentus
745 2463 880 2534 abundet,

174 2563 364 2640 Jucundoque
377 2562 450 2639 liget
461 2562 634 2639 languentia
642 2581 760 2640 corpora
773 2564 881 2624 somno.

175 2665 203 2723 Ο
215 2666 350 2742 pecudes!
373 2685 390 2724 ο
403 2667 505 2723 Panes!
527 2675 558 2723 et
570 2684 588 2723 o
599 2666 739 2724 laetiffima
751 2668 863 2745 Tempe

173 2770 197 2829 F
198 2768 293 2828 tondis
305 2770 554 2846 Hamadryadum!
577 2748 699 2846 quarum
712 2789 771 2828 non
789 2772 879 2829 divite
888 2764 947 2828 cultn

174 2874 312 2931 AEmulus
326 2873 439 2931 Ascraeo
453 2873 545 2950 pastor
556 2872 609 2930 fibi
622 2872 743 2948 quisque
754 2876 848 2950 poetae

175 2978 309 3035 Securum
321 2975 435 3052 placido
448 2974 573 3034 traducit
585 2974 698 3051 pedore
710 2975 813 3035 vitam.

206 3078 332 3136 Talibus
345 3077 376 3134 in
391 3076 488 3135 studiis
501 3076 603 3134 baculo
615 3078 687 3135 dum
701 3077 786 3135 nixus
799 3079 900 3157 apricas

175 3181 268 3238 Pastor
281 3179 343 3255 agit
356 3198 444 3249 curas,
464 3188 495 3236 et
508 3180 578 3238 dum
592 3198 650 3236 non
659 3189 723 3236 arte
739 3182 843 3239 canora

173 3265 319 3358 Conpatta
331 3280 448 3338 solitum
461 3281 626 3339 modulatur
638 3282 780 3340 arundine
793 3294 910 3351 carmem

172 3382 280 3441 Tendit
292 3382 436 3442 inevectus
449 3383 542 3444 radios
555 3383 732 3462 Hyperionis
746 3386 838 3458 ardor,
