2250 4050
171 461 228 525 146
488 463 515 523 C
527 463 542 521 1
557 463 609 522 RI
624 462 653 521 8.
884 463 953 528 ult.

168 619 212 678 At
224 627 322 676 tamen
334 618 433 697 exegit
445 619 533 698 longo
545 620 606 697 post
619 629 751 696 tempore
762 635 871 696 poenaq

168 722 222 793 Ut,
243 742 311 780 cum
323 742 390 781 curu
406 723 449 781 sui
461 725 614 783 veheretur
625 723 758 802 conjugis
771 723 841 792 alto,

169 825 232 903 lpsa
246 834 356 883 trucem
369 826 462 884 multo
475 826 607 885 misceret
621 826 762 903 sanguine
774 833 901 903 pontum.

209 930 264 995 Seu
278 948 355 998 vero,
367 939 401 986 ut
415 929 577 1006 perhibent,
591 929 684 987 sonui
697 948 767 987 cum
778 929 898 988 vinceret
905 938 953 981 otu·¹

287 1050 341 1101 nis,

169 1136 208 1193 Et
220 1134 338 1211 cupidos
351 1136 458 1211 quaestu
470 1135 572 1212 passim
584 1135 734 1212 popularet
747 1142 887 1205 amanter,

169 1236 305 1307 Piscibus,
325 1247 355 1295 et
367 1238 487 1296 canibus
499 1237 615 1308 rabidis,
628 1238 735 1297 vallata
748 1246 873 1315 repente,

169 1339 330 1403 Horribilee
343 1339 453 1399 circum
465 1339 539 1398 vidit
552 1340 582 1398 se
594 1339 686 1399 sistere
698 1341 816 1399 formas.

168 1445 238 1502 Heu
251 1443 363 1520 quoties
374 1444 477 1502 mirata
491 1463 579 1502 novos
592 1445 734 1521 expalluit
748 1444 839 1502 artuel

170 1547 234 1625 Ipsa
248 1546 312 1605 suos
324 1547 436 1622 quoties
449 1547 508 1605 heu
520 1547 671 1623 pertimuit
683 1547 817 1606 latratus!

169 1649 250 1709 Ausa
263 1627 341 1726 quod
353 1651 392 1708 esi
406 1649 511 1708 mulier
522 1668 631 1708 numen
644 1650 778 1708 fraudare
791 1651 907 1713 deorum,

144 1794 146 1798 -
169 1754 208 1812 Et
220 1754 327 1813 didam
338 1753 447 1810 Veneri
460 1762 593 1811 votorum
605 1762 734 1811 avertere
745 1754 882 1829 predam:

172 1857 280 1926 Quam,
300 1855 376 1914 mala
393 1854 550 1932 multiplici
566 1854 712 1933 juvenum
728 1857 807 1932 quod
826 1854 902 1932 saepu
913 1857 947 1904 d·

251 1958 331 2018 terri
724 1983 726 1986 v

171 2064 302 2132 Dixerat,
322 2072 409 2139 atque
422 2064 519 2121 animo
533 2063 673 2122 meretrix
682 2062 790 2142 jaetata
803 2065 920 2122 serarum,

170 2167 315 2225 Infamem
328 2166 380 2223 tali
393 2166 496 2224 merito
508 2185 623 2223 rumore
635 2166 728 2237 fuisse,

170 2269 263 2328 Dodo
276 2268 450 2345 Palrephatid
463 2268 582 2326 testatur
594 2288 664 2327 voce
676 2288 809 2345 papyms.

171 2370 334 2447 Quidquid,
355 2380 385 2427 et
398 2380 431 2428 ut
444 2369 574 2446 quisquis
587 2370 638 2429 tali
652 2372 688 2428 de
701 2371 784 2429 clade
796 2372 905 2435 locutu,

171 2474 280 2533 Omnia
293 2473 362 2534 fint:
384 2473 480 2550 potius
493 2473 579 2531 liceat
593 2472 737 2532 notescere
748 2474 831 2532 Cirin
838 2499 846 2545 3

169 2577 270 2653 Atque
281 2595 370 2634 unam
383 2595 420 2635 ex
433 2576 532 2634 multis
545 2576 670 2651 Scyllam
683 2594 742 2634 non
755 2576 812 2635 esse
823 2570 919 2654 puellit·

172 2680 280 2746 Quare,
301 2697 375 2753 quae,
394 2687 495 2736 cantus
508 2678 661 2736 meditanti
674 2678 792 2737 mittere
804 2689 897 2745 certor,

171 2783 283 2859 Magna
297 2780 371 2839 mihi
384 2781 489 2858 cupido
503 2780 639 2839 tribuistis
651 2781 781 2857 praemia,
801 2783 872 2840 divae

171 2885 311 2956 Pierides3
333 2902 455 2960 quarum
468 2883 555 2941 castos
567 2883 668 2941 altaria
681 2883 773 2960 postes

170 2989 296 3058 Munere
309 2988 381 3065 saepe
394 3004 459 3044 meo
474 2985 618 3057 inficiunt,
639 2987 807 3063 foribusque
825 2961 944 3063 hyacinthi

170 3091 331 3168 Deponunt
343 3090 435 3156 fiores,
455 3097 506 3147 aut
519 3088 603 3147 suave
615 3090 720 3147 rubens
732 3089 873 3159 narcissus,

171 3198 234 3253 Aut
248 3213 355 3263 crocus,
375 3193 484 3252 alterna
497 3191 675 3270 coujungens
687 3192 750 3251 lilia
763 3193 866 3262 calthi,

169 3297 324 3375 Sparsaque
337 3294 487 3356 liminibus
499 3296 584 3352 floret
597 3294 658 3352 rosa
665 3319 673 3365 3
696 3314 776 3353 nunc
789 3314 850 3374 age,
869 3290 930 3350 diro

169 3399 317 3478 Praecipue'
329 3398 424 3460 nostro
436 3416 515 3459 nunc
528 3396 669 3477 adspirate
681 3397 791 3459 labori:
