2250 4050
157 445 188 486 v.
207 434 274 503 149.
478 426 578 488 LIB⁴
618 427 658 486 11.
926 427 965 502 67

162 583 220 643 Hie
231 604 283 644 ver
294 585 456 653 adsiduum,
475 593 564 661 atque
576 582 677 643 alienis
689 583 832 643 menfibua
843 583 936 658 aestas,

166 685 212 744 Bis
223 690 347 766 gravidae
359 689 492 766 pecudes,
512 690 557 747 bis
567 687 662 765 pomis
673 687 754 746 utilis
767 688 862 748 arbor.

174 790 211 846 At
220 793 323 851 rabidae
335 793 425 870 tigres
438 792 552 862 absunt,
573 803 604 850 et
615 792 689 852 saeva
702 792 822 850 leonum

178 891 289 968 Semina3
310 917 366 955 nec
378 896 497 955 miseros
509 896 616 955 fallunt
628 895 742 954 aconita
755 895 893 973 legentia3

182 995 232 1056 Nec
242 1001 314 1078 rapit
324 1000 470 1059 inmensos
481 1000 557 1058 orbis
567 1018 619 1077 per
631 999 764 1070 humum,
775 1017 870 1075 neque
882 1008 965 1058 tanto

188 1098 319 1175 Squameus
331 1105 364 1163 in
377 1103 483 1182 spiram
496 1103 589 1163 traotu
602 1103 631 1161 se
642 1103 765 1181 conligit
778 1101 891 1180 angula.

190 1203 251 1263 Adde
263 1217 304 1265 tot
316 1207 447 1286 egregias
460 1207 549 1276 urbis,
569 1225 745 1284 operumque
759 1206 896 1278 laborem,

191 1303 232 1364 'lot
241 1312 366 1388 congesta
379 1330 469 1369 manu
482 1309 633 1387 praeruptis
646 1310 751 1386 oppida
764 1308 847 1379 saxis,

193 1404 353 1491 Fluminaque
366 1415 500 1490 antiquos
513 1412 737 1472 subterlabentia
744 1432 855 1472 muros.

193 1510 312 1589 Aumare,
331 1519 410 1596 quod
423 1517 516 1594 supra,
535 1535 703 1587 memorem,
724 1518 858 1594 quodque
871 1517 965 1576 adluit

246 1620 332 1682 infra?

194 1714 255 1781 Anne
265 1726 340 1784 lacus
353 1728 465 1785 tantos?
487 1734 525 1795 te,
544 1725 612 1786 Lari
624 1739 770 1798 maxume,
790 1735 887 1802 teque,

194 1814 309 1887 lumbus
320 1840 351 1887 et
364 1827 484 1888 fremitu
497 1829 661 1907 adsurgens,
674 1831 795 1897 Benace,
810 1826 944 1886 'marinol

194 1921 227 1981 An
237 1942 384 1991 memorem
396 1941 505 2011 portus,
519 1933 702 2010 Lucrinoque
715 1933 812 1991 addita
825 1932 945 1991 claustra
952 1957 962 2005 5

194 2024 266 2107 Atque
277 2037 462 2115 indignatum
474 2037 588 2114 magnis
603 2037 766 2095 stridoribus
779 2056 886 2115 aequor,
935 2066 942 2081 =

193 2126 246 2201 Julia
258 2142 309 2215 qua
320 2150 412 2218 ponto
424 2140 511 2217 longe
524 2140 606 2199 sonat
617 2143 696 2199 unda
706 2141 811 2212 refuso,

192 2227 386 2321 Tyrrhenusque
399 2243 481 2302 fretis
493 2244 653 2302 inmittitur
665 2246 745 2304 aestua
757 2243 900 2303 Auernis?

193 2329 244 2399 Hac
254 2349 349 2405 eadem
362 2347 476 2425 argenti
490 2348 566 2406 rivos
579 2347 699 2425 aerisque
711 2345 830 2406 metalla

192 2434 296 2509 Ostendit
308 2452 401 2520 venis,
421 2461 508 2528 atque
521 2471 590 2509 auro
602 2450 728 2528 plurima
740 2449 837 2508 fluxit.

192 2534 243 2614 Haec
259 2572 345 2630 genua
366 2574 431 2613 acre
450 2554 556 2626 virum,
583 2554 703 2626 Marsos,
728 2558 892 2633 pubemque
913 2556 963 2616 Sa·

248 2656 356 2728 bellam,
919 2717 922 2724 ,

190 2743 381 2839 Adsuetamque
394 2763 471 2820 malo
484 2762 632 2839 Ligurem,
646 2762 821 2839 Volscosque
833 2772 960 2833 verutos,

190 2844 291 2938 Extulit,
303 2866 367 2924 haee
375 2866 490 2936 Decios,
499 2866 618 2934 Marios,
626 2886 803 2944 magnosque
813 2866 965 2937 Camillos,

190 2947 317 3039 Scipiadas,
336 2970 422 3027 duros
434 2970 524 3041 bello;
547 2979 577 3027 et
589 2978 627 3041 te,
648 2989 783 3027 maxume
797 2969 901 3042 Caesar,

191 3052 245 3135 Qui,
262 3089 335 3131 nunc
349 3073 490 3131 extremis,
499 3073 576 3133 Afiae
584 3071 646 3150 jam
658 3072 749 3131 violor
761 3073 793 3130 in
806 3072 873 3147 oris,

189 3151 305 3234 Inbellem
311 3175 421 3234 avertis
435 3176 571 3235 Romanis
584 3176 697 3234 arcibus
709 3177 825 3235 Indum.

191 3255 261 3342 Salve,
277 3298 383 3356 magna
395 3298 496 3355 parens
509 3264 638 3356 frugum,
658 3280 790 3337 Saturnia
804 3279 903 3339 tellus!
944 3328 946 3331 .

191 3355 279 3451 Magoa
289 3381 398 3445 virtum
420 3380 477 3442 tibi
489 3402 533 3443 rea
545 3384 673 3461 antiquae
685 3382 777 3444 laudis
790 3393 820 3443 et
833 3384 905 3462 artie
925 3447 927 3450 .
