2250 4050
171 460 234 523 ιω,
402 448 735 522 GEORGICON,
866 441 957 523 nim

168 607 228 666 Hic
241 605 304 677 tibi,
318 616 394 678 nate,
412 605 491 685 ptius
502 604 606 665 vinolio
618 604 792 684 capiundos,
809 615 844 667 ut
856 624 958 668 omnen

168 710 311 788 Expediet
323 709 418 769 morbi
430 709 555 781 causam,
575 719 754 786 eventusque
767 710 910 778 secundet.

168 814 248 876 Nom
262 815 320 873 fine
332 813 363 875 vi
375 831 436 872 non
446 813 507 875 ulla
518 810 600 871 dabit
611 822 767 890 precepta,
781 833 874 891 neque
884 813 953 875 ittun

170 918 289 976 Orondo
301 916 411 988 deden
432 915 494 977 vim
505 917 607 983 duram
620 925 651 973 et
662 915 783 977 vincula
795 927 878 995 capto

169 1022 285 1080 Tende:
301 1019 361 1078 doli
368 1019 478 1079 circum
484 1019 546 1077 haec
555 1019 674 1085 demum
682 1019 947 1097 frangenturinanm

169 1124 234 1202 Ipsa
246 1142 301 1200 ego
314 1132 352 1193 te,
371 1122 481 1182 medion
494 1141 584 1199 quum
597 1121 642 1180 soi
652 1103 915 1191 adcenderitaestno,

170 1228 272 1286 Quum
286 1225 387 1285 sitiunt
399 1225 504 1296 herbae,
523 1233 554 1285 et
564 1224 661 1303 pecori
670 1223 732 1302 jam
746 1227 856 1305 gratior
866 1225 945 1288 umbo

248 1329 298 1400 est,

170 1433 205 1496 In
219 1431 325 1491 secreta
338 1430 413 1491 senis
426 1432 539 1500 ducam,
559 1450 618 1508 quo
630 1430 716 1490 sessus
729 1433 767 1493 ab
780 1433 864 1500 undio

171 1538 206 1595 Se
219 1535 335 1612 recipit;
357 1533 443 1592 facile
457 1543 489 1592 ut
502 1533 602 1592 somno
614 1534 783 1611 adgrediare
791 1534 928 1613 jacentem

169 1639 290 1710 Verum,
301 1636 352 1696 ubi
361 1647 531 1723 conreptum
540 1637 674 1696 manibus
682 1637 843 1716 vinclioque
853 1630 946 1701 teneti,

170 1741 249 1800 Tum
262 1740 347 1804 variae
358 1741 476 1804 eludent
489 1740 596 1819 species
609 1749 697 1817 atque
708 1760 758 1801 ora
772 1743 904 1801 fetarum:

172 1843 236 1904 Fiet
248 1845 328 1909 enim
341 1842 436 1906 subito
451 1844 497 1903 sus
508 1844 650 1916 horridus,
670 1853 791 1922 atraque
804 1845 891 1923 tigria,

173 1946 400 2025 squamosusque
411 1947 506 2019 draco,
526 1955 557 2007 et
569 1947 649 2007 fulvi
662 1948 773 2009 cervice
784 1949 886 2020 leaenu3

140 2134 144 2146 ἴ
172 2054 236 2112 Aut
245 2070 340 2120 actem
351 2052 476 2118 siammae
488 2050 614 2122 sonitum
623 2051 713 2124 dabit,
722 2061 811 2131 atque
820 2053 860 2112 itu
868 2039 948 2111 vindi³

173 2154 305 2225 Excidet,
324 2154 419 2220 autin
432 2174 520 2231 aquas
534 2163 634 2220 tenues
646 2154 771 2234 dilapsus
784 2156 883 2217 abibit.

173 2258 238 2328 Sed,
250 2267 359 2335 quanto
371 2257 422 2321 itte
435 2257 527 2334 magis
539 2257 645 2323 formas
657 2258 688 2317 se
700 2268 794 2317 vertet
806 2260 838 2319 in
851 2254 936 2321 omnio

172 2361 279 2432 Tanto,
298 2369 375 2432 nate,
395 2361 488 2438 magis
501 2362 643 2427 contende
659 2361 771 2428 tenacia
784 2362 891 2433 vinci23

88 2521 91 2526 .
173 2462 275 2521 Donec
290 2462 354 2530 talio
369 2463 425 2524 erit
438 2473 550 2530 mutato
561 2483 687 2542 corpore,
707 2466 825 2542 qualem

173 2566 298 2637 Videris,
318 2565 435 2643 incepto
447 2575 559 2644 tegeret
571 2587 662 2645 quum
673 2568 786 2636 lumino
799 2569 903 2628 somno.

213 2670 286 2728 Haeo
304 2668 354 2739 ait,
373 2680 404 2727 et
420 2669 566 2747 liquidum
582 2672 728 2732 ombrofiae
744 2671 884 2732 diffundit
898 2667 958 2730 odo·

291 2790 362 2842 rem,

176 2878 245 2936 Quo
261 2887 354 2935 totum
367 2876 428 2935 nati
440 2896 542 2954 corpus
554 2878 689 2956 perduxit
696 2902 708 2951 ἱ
725 2887 757 2942 at
769 2877 816 2944 illi

175 2978 278 3038 Dulcis
291 2979 445 3058 conpositis
458 2980 575 3058 spiravit
587 2982 715 3041 crinibus
727 3002 805 3054 auro,

175 3083 275 3158 Atque
295 3083 401 3141 habilis
418 3084 558 3150 membris
579 3088 660 3143 venit
676 3086 769 3163 vigor.
809 3087 857 3146 Est
873 3086 960 3164 specus

253 3184 356 3262 ingens

175 3284 258 3344 Exesi
271 3287 358 3345 latere
370 3288 403 3348 io
415 3290 531 3359 montis,
551 3310 610 3367 quo
621 3291 746 3369 plurimo
760 3303 847 3354 vento

176 3387 299 3467 Cogitur
309 3389 398 3467 inque
410 3392 486 3451 snus
497 3391 604 3453 scindit
615 3393 674 3484 sese
686 3398 765 3465 undo
777 3399 916 3478 redudoct
