2250 4050
169 452 209 511 oa
404 449 739 522 cuoucrcou,
838 455 947 507 su.

170 608 323 678 Castaneas,
331 627 539 684 nemorumque
544 610 610 686 Jovi
620 627 685 684 quae
691 625 831 666 maxuma
838 604 947 668 frondent

172 711 308 770 AEsculus
321 722 417 786 atque,
436 712 543 770 habitae
556 711 651 773 Graiis
664 711 791 778 oracula,
811 726 929 786 quercus.

173 814 296 872 Pullulat
309 815 346 872 ab
358 813 454 872 radice
465 813 528 872 aliis
541 813 700 874 denfiffima
714 813 797 872 silva:
861 834 863 837 ’

174 918 217 974 Ut
231 917 329 975 cerasis
342 917 502 993 ulmisque3
523 917 612 975 etiarn
626 916 754 981 Parnasia
767 916 864 973 laurus

176 1021 267 1105 Parva¹
278 1019 329 1078 sub
342 1018 456 1095 ingenti
469 1019 568 1079 matris
580 1019 609 1076 se
622 1016 738 1095 subjicit
748 1019 862 1076 umbra.

174 1124 237 1182 Hos
247 1123 359 1181 Natura
370 1122 469 1180 modos
478 1121 605 1199 primurn
616 1121 711 1191 dedit;
730 1119 776 1178 his
787 1139 876 1196 genus
884 1131 947 1176 omne

175 1225 326 1294 Silvarum,
345 1224 541 1302 fruticumque
553 1224 638 1293 viret,
659 1242 868 1298 nemorumque
880 1221 947 1278 sacro

290 1347 365 1386 rum.

213 1431 286 1487 Sunt
298 1429 358 1500 alii,
379 1450 449 1506 quos
462 1428 522 1507 ipse
534 1428 582 1486 vii
595 1428 647 1487 sibi
659 1427 765 1506 reperit
778 1427 855 1485 usus.

175 1531 234 1590 Hic
241 1533 363 1609 plantas,
373 1542 472 1598 tenero
481 1531 649 1593 abscindens
659 1530 695 1587 de
706 1549 826 1606 corpore
836 1538 947 1590 matrum,

156 1676 159 1681 -
174 1633 315 1711 Deposuit
327 1635 425 1704 sulcis3
447 1635 495 1691 hic
508 1635 607 1712 stirpes
619 1633 716 1691 obruit
729 1652 806 1702 arvo,

177 1737 418 1812 Quadrifidasque
432 1737 521 1807 sudes,
543 1745 573 1794 et
585 1746 670 1797 acuto
683 1735 784 1793 robore
797 1735 895 1794 vallos:

176 1840 374 1916 Silvarumque
387 1839 451 1897 aliae
462 1837 566 1916 pressos
576 1836 742 1916 propaginis
755 1856 837 1895 arcus

175 1942 357 2018 Exspesiant‚
377 1952 407 1998 et
420 1942 484 2001 viva
496 1942 545 1998 sui
558 1939 698 2017 plantaria
712 1940 808 1997 terri:-

175 2045 229 2103 Nil
242 2034 343 2103 radicis
356 2047 443 2121 egent
456 2045 534 2117 aliae3
555 2037 757 2119 summu'mque
770 2052 884 2120 putator

175 2147 263 2206 Haud
276 2146 390 2205 dubitat
403 2159 485 2205 terrae
498 2147 623 2205 referens
635 2146 772 2205 mandare
785 2162 925 2203 cacumen.

176 2249 259 2308 Quin
273 2259 303 2306 et
316 2248 482 2307 caudicibus
495 2248 586 2318 sesiis,
599 2248 731 2308 mirabile
744 2248 841 2306 disiul

174 2353 315 2412 Truditur
326 2371 342 2409 e
355 2353 427 2411 sicco
440 2352 522 2410 radix
534 2351 665 2427 oleagina
678 2351 768 2427 ligno.

174 2459 212 2515 Et
225 2456 298 2533 saepe
310 2455 426 2513 alterius
438 2473 531 2513 ramos
542 2454 652 2531 inpune
664 2452 794 2511 videmus

173 2558 294 2635 Vertere
306 2558 338 2614 in
351 2556 465 2614 alterius
472 2581 481 2628 3
502 2565 701 2631 mutatamque
712 2554 796 2613 insita
809 2556 884 2613 mala

173 2662 257 2720 Ferre
269 2659 376 2738 pirum,
396 2668 427 2716 et
439 2657 538 2736 prunis
551 2657 677 2735 lapidosa
695 2658 844 2716 rubescere
857 2673 941 2715 corna.

214 2764 312 2821 Quare
323 2760 410 2839 agite,
424 2780 442 2818 o
449 2761 577 2837 proprios
588 2760 747 2837 generatim
759 2760 860 2819 discite
868 2760 947 2818 cultus

173 2865 331 2944 Agricolae!
354 2864 519 2938 sruslusque
532 2862 607 2921 feros
620 2861 732 2922 mollite
745 2863 879 2935 colendo;

172 2970 241 3029 Neu
255 2968 354 3045 segnes
362 2963 478 3043 jaceant
492 2974 582 3024 terrae.
618 2966 705 3041 Juvat
719 2964 826 3023 Ismara
839 2962 943 3024 Baccho

172 3070 336 3138 conserere,
349 3078 436 3143 atque
448 3068 511 3125 olei
524 3085 663 3145 magnum
675 3052 776 3124 vestire
788 3069 947 3126 Taburnum

170 3176 276 3250 Tuque
289 3174 363 3241 ades,
383 3171 589 3248 inceptumque
601 3188 659 3227 una
672 3169 790 3227 decurre
803 3170 933 3236 laborem,

172 3278 201 3336 Ο
215 3276 314 3335 decusl
336 3294 354 3333 o
367 3274 452 3333 famae
464 3271 569 3332 merito
586 3292 650 3350 pars
663 3291 800 3330 maxuma
813 3275 918 3338 nostrae,

172 3378 330 3441 Maecenas!
352 3379 512 3455 pelagoque
525 3376 623 3437 volans
635 3375 672 3433 da
685 3377 748 3434 vela
761 3376 880 3454 patenti.
