2250 4050
207 457 249 523 ro
436 455 743 529 n-ucoslcm
919 463 1012 519 vso.

209 611 334 689 Adspice
345 628 472 670 convexo
482 621 634 670 nutantem
642 611 767 689 pondere
778 611 942 680 mundum

207 716 375 790 Terraeque,
382 715 542 790 tractusque
548 715 643 783 maris,
649 715 811 790 coelumqne
815 714 1008 790 profundum:

208 818 342 895 Adspice,
362 826 483 876 venturo
495 819 628 875 laetantur
639 828 673 874 ut
685 816 782 874 omnia
794 816 888 874 saeclo.

209 921 237 979 Ο
249 920 323 978 mihi
336 931 399 977 tum
412 921 507 997 longae
519 929 634 978 maneat
643 939 706 996 pars
719 919 821 976 ultima
833 919 913 987 vitae,
999 928 1003 939 “

208 1021 328 1100 Spiritus
341 1032 379 1090 et,
399 1031 540 1097 quantum
549 1022 591 1079 sat
604 1022 658 1078 erit
668 1031 716 1078 tua
730 1021 825 1078 dicere
834 1021 930 1079 sacia!

208 1127 278 1185 Non
291 1146 338 1183 me
351 1127 523 1183 carminibus
536 1125 640 1193 vincet,
653 1144 707 1182 nec
717 1123 858 1182 Thracius
867 1125 1011 1203 Orpheus,

207 1229 272 1288 Nec
284 1229 390 1300 Linus;
412 1229 480 1286 huic
492 1237 584 1286 mater
593 1209 732 1303 quamvis,
745 1236 830 1303 atque
841 1227 912 1285 huic
922 1238 1011 1306 pater,

286 1332 356 1389 adfit
363 1356 371 1403 3

207 1434 317 1512 Orphei
331 1434 486 1511 Calliopea,
507 1433 582 1491 Lino
595 1433 731 1492 sonnosus
744 1433 860 1509 Apollo,

207 1541 266 1596 Pan
279 1538 376 1606 etiarn,
395 1536 518 1609 Arcadii
532 1555 646 1594 mecum
660 1534 786 1612 srjudice
798 1545 899 1604 certet,

206 1634 270 1699 Pnn⁴
278 1639 366 1697 etiam
377 1638 504 1697 Arcadii
517 1638 594 1695 dicat
606 1638 633 1694 se
641 1636 739 1714 judice
749 1637 869 1694 vidium.
988 1654 998 1673 ···

245 1742 353 1818 Incipe,
372 1759 457 1818 parve
467 1758 546 1817 puer,
566 1739 623 1796 risn
635 1739 803 1816 cognoscere
813 1748 958 1800 matrem:
1001 1774 1004 1781 ·

205 1844 296 1905 Matri
307 1845 394 1919 longa
407 1845 505 1901 decem
519 1843 647 1901 tulerunt
658 1843 770 1901 fastidia
782 1845 903 1904 menses.

110 1947 119 1992 ἶ
205 1946 316 2023 Incipe,
333 1965 419 2023 parve
432 1964 518 2022 puer:
541 1945 589 2002 cui
602 1965 660 2003 non
673 1945 758 2003 risere
770 1958 911 2023 parentes,

206 2050 272 2118 Nec
284 2052 353 2109 deus
362 2050 441 2107 hunc
452 2048 558 2118 mensi,
579 2050 631 2106 dea
649 2068 702 2107 nec
715 2050 833 2127 dignata
846 2052 940 2111 cubili
953 2055 1002 2118 est,

375 2520 383 2533 Ι
453 2430 680 2489 ECLOGA
718 2432 756 2487 V.

498 2668 713 2720 DAPHNIS.

447 2866 620 2905 menduces,
642 2865 770 2903 MOPSUS.

519 3080 693 3120 nnnsrcss.

105 3245 110 3252 ι
208 3167 276 3223 Con
285 3183 353 3234 non,
363 3165 474 3242 Mopse,
487 3164 556 3223 boni
569 3162 707 3241 quoniam
717 3158 906 3218 convenimus
914 3162 1007 3230 ambo,

205 3271 254 3328 Tu
267 3271 388 3328 calamos
401 3270 502 3327 inflare
514 3268 594 3335 levis,
614 3286 669 3343 ego
679 3264 772 3322 dicere
785 3263 890 3331 versus,

200 3374 264 3432 Hic
276 3373 381 3434 condis
388 3374 498 3434 mixtas
510 3373 587 3432 inser
599 3368 769 3429 confidimus
781 3367 895 3424 ulmos?
