2250 4050
204 472 226 531 a
438 471 743 550 sueones,
910 482 1004 532 vas.

206 621 309 691 Canto,
322 639 386 697 quae
399 619 506 692 solitus,
529 623 548 679 sr
563 624 678 698 quando
691 627 819 680 armenta
831 623 966 694 vocabat,

204 723 355 800 Amphion
365 723 493 782 Dircaeus
506 725 537 782 in
551 726 651 783 Attaeo
663 724 840 801 Aracyntho.

204 825 270 884 Nec
283 825 346 884 sum
360 827 430 884 adeo
443 827 588 897 informis3
611 846 701 904 nuper
714 845 761 885 me
773 826 806 883 in
819 826 906 885 litore
921 827 994 898 vidi,

207 927 307 986 Quum
317 928 463 1005 placidum
471 928 564 987 ventis
575 930 658 988 staret
667 948 760 986 mare:
773 948 832 986 non
843 948 899 1007 ego
905 930 1006 1008 Daph-

320 1030 382 1099 nin,

204 1131 307 1215 Judice
321 1141 359 1203 te,
372 1142 509 1203 metuam,
531 1133 551 1190 fi
565 1153 724 1209 numquam
737 1133 813 1191 fallit
826 1133 940 1210 imago.

244 1235 272 1295 O
286 1243 400 1297 tantum
413 1236 502 1294 libeat
515 1255 632 1293 mecum
644 1236 699 1293 tibi
713 1235 824 1292 sordida
837 1255 904 1294 rura

202 1337 302 1413 Atque
315 1338 432 1403 humilis
445 1338 574 1397 habitare
586 1337 671 1407 casas,
691 1347 721 1395 et
734 1338 823 1414 figere
836 1357 948 1408 cervos,

202 1439 418 1515 Haedorumque
431 1459 548 1516 gregem
561 1440 646 1498 viridi
659 1440 820 1515 conpellere
832 1439 963 1501 hibiscot

204 1541 325 1601 Mecum
337 1560 396 1603 una
408 1543 441 1600 in
455 1542 528 1601 srlvis
541 1541 692 1603 imitabere
705 1544 781 1598 Pana
794 1543 938 1601 canendo.

202 1643 261 1702 Pan
272 1645 382 1721 primus
395 1645 517 1705 calamos
530 1645 594 1701 cera
606 1643 779 1720 conjungere
791 1643 882 1720 pluris

201 1745 329 1804 Instituit
333 1772 342 1819 ς
364 1749 422 1805 Pan
434 1753 515 1805 curat
528 1745 588 1803 ovis
600 1746 755 1821 oviumque
767 1745 934 1822 magistros:

202 1847 266 1905 Nec
280 1857 309 1906 te
321 1847 461 1927 poeoiteat
472 1848 583 1907 calamo
597 1847 702 1905 trivisse
715 1847 862 1908 labellum.

202 1950 275 2008 Hanc
288 1953 387 2009 eadem
400 1961 434 2009 ut
447 1950 539 2020 sciret,
551 1950 622 2027 quid
635 1969 694 2007 non
707 1950 831 2009 faciebat
839 1952 1004 2029 Amyntas?

202 2052 250 2110 Est
262 2053 336 2114 mihi
350 2054 507 2130 disparibus
520 2053 630 2129 septem
642 2053 779 2129 conpasta
791 2053 895 2112 cicutis
989 2045 991 2048 ¹

201 2155 316 2227 Fistula,
329 2157 476 2218 Damoetas
490 2158 567 2213 dono
580 2155 653 2213 mihi
666 2174 752 2230 quam
766 2155 846 2212 dedit
859 2156 944 2224 olim,

135 2286 139 2292 ·
200 2257 238 2314 Et
252 2257 328 2321 dixit
339 2258 478 2315 moriens:
500 2259 544 2315 Te
557 2277 635 2316 nunc
648 2258 735 2314 habet
747 2258 799 2315 ista
812 2258 981 2321 secundum.

200 2341 286 2418 Dixit
298 2360 459 2422 Damoetas:
481 2359 587 2419 invidit
600 2360 699 2417 stultus
711 2361 865 2436 Amyntas.

199 2462 338 2521 Praeterea
351 2464 417 2532 duo,
431 2482 484 2520 nec
498 2462 561 2519 tuti
574 2461 649 2519 mihi
662 2462 736 2519 valle
748 2461 864 2538 reperti,

199 2565 342 2641 capreoli,
362 2564 460 2641 sparfis
472 2565 561 2622 etiarn
574 2583 652 2621 nunc
665 2564 788 2641 pellibus
800 2565 876 2633 albo,

198 2666 272 2726 Bina
284 2666 331 2724 die
345 2667 450 2726 ficcaot
462 2666 522 2724 ovis
535 2668 635 2737 ubera3
656 2686 727 2741 quos
740 2666 794 2724 tibi
808 2666 899 2726 servo.

199 2770 266 2848 Jam
277 2769 390 2845 pridem
403 2789 420 2827 a
432 2788 479 2827 me
493 2768 557 2826 illos
570 2770 711 2827 abducere
722 2769 865 2846 Thestylis
878 2780 955 2829 orat:

198 2872 238 2930 Et
250 2871 352 2945 faciet3
373 2871 511 2947 quoniam
524 2870 639 2929 sordent
652 2870 706 2929 tibi
719 2890 838 2930 munera
852 2874 955 2933 nostra.

197 2975 355 3047 Hucades,
375 2972 530 3034 osormose
546 2974 633 3050 puers
656 2974 711 3031 tibi
724 2974 785 3031 lilia
798 2975 892 3050 plenis

196 3078 283 3142 Ecce!
299 3079 397 3141 serunt
404 3076 550 3155 Nymphae
564 3076 683 3135 calathis
688 3102 697 3148 3
717 3075 772 3135 tibi
785 3079 907 3139 candida
914 3080 992 3149 Nais,

196 3179 332 3239 Pallantis
344 3180 432 3239 violas
445 3186 475 3237 et
487 3178 598 3237 summa
611 3198 750 3255 papavera
763 3199 890 3257 carpens,
971 3203 975 3215 ¹

196 3281 360 3348 Narcissum
372 3292 403 3341 et
415 3283 516 3341 florem
526 3280 627 3359 jungit
637 3283 711 3340 bene
725 3283 828 3347 olentis
840 3284 940 3352 anethi
944 3310 954 3357 3

191 3385 277 3460 Tum,
292 3367 366 3448 casii
380 3395 470 3467 atque
484 3384 549 3446 aliis
560 3384 695 3445 intexens
705 3385 840 3445 suasinus
850 3387 956 3459 heron,
