2250 4050
89 447 205 509 eaeo.
403 446 500 504 LIB.
539 445 596 505 111.
619 445 624 451 '
842 452 899 517 271

93 604 180 662 Nam
192 602 287 673 simul,
306 602 437 679 expletus
448 602 578 680 dapibus,
598 601 723 677 vinoque
730 600 871 688 sepultus,

95 707 253 766 cervicem
265 705 403 764 inflexam
419 706 523 783 posuit,
539 705 688 782 jacuitque
700 723 752 781 per
763 714 879 762 antrum

95 809 262 877 Inmensus,
281 808 389 867 saniem
401 810 539 880 emdtans,
559 828 593 866 ac
606 809 693 866 frusta
704 817 825 866 cruento
895 814 897 819 '

96 914 152 971 Per
164 914 300 986 somnum
312 912 459 971 conmixta
471 931 568 983 mero;
589 931 650 981 nos,
669 930 774 988 magna
790 911 899 988 precati

97 1016 245 1085 Numina,
266 1015 412 1092 sortitique
425 1016 509 1086 vices,
528 1015 588 1072 uns
600 1015 728 1091 undique
739 1014 862 1074 circum¹

99 1120 274 1188 Fundimur,
294 1130 324 1176 et
336 1119 395 1176 telo
407 1119 506 1176 lumen
521 1119 695 1176 terebramus
707 1129 801 1189 acuto,

99 1224 220 1300 Ingens,
239 1224 318 1298 quod
332 1225 410 1280 torva
422 1222 514 1279 solum
527 1221 579 1279 sub
591 1221 686 1279 fronte
697 1222 814 1293 latebat,

100 1324 236 1403 Argolici
249 1325 343 1402 clipei,
364 1335 414 1383 aut
426 1325 557 1383 Phoebeae
570 1324 718 1400 lampadis,
737 1324 840 1384 instari

101 1431 142 1501 Et
155 1430 275 1487 tandem
287 1427 347 1486 laeti
360 1428 500 1486 sociorum
513 1426 678 1485 ulciscimur
689 1430 813 1486 umbras.

103 1534 160 1592 Sed
168 1530 415 1609 fugite,omiseril
436 1530 542 1608 sugite,
565 1538 652 1607 atque
660 1533 697 1589 ab
706 1530 791 1590 litore
801 1532 903 1593 funem

102 1636 260 1713 Rumpite:
499 1635 501 1638 ’

104 1741 196 1812 Nam,
210 1738 304 1815 qualis
311 1749 491 1814 quantusque
501 1757 571 1797 cavo
582 1739 772 1817 Polyphemus
779 1740 810 1798 in
821 1749 904 1800 antro

105 1843 263 1920 Lanigeras
276 1842 386 1901 claudit
402 1843 534 1919 pecudes,
554 1852 642 1919 atque
653 1846 741 1901 ubera
752 1841 864 1921 pressat,

107 1950 236 2005 Centum
249 1946 300 2004 alii
313 1965 399 2004 curva
412 1946 473 2003 haec
485 1945 618 2004 habitant
630 1947 666 2005 ad
678 1946 762 2004 litora
774 1947 861 2025 volgo
947 1966 950 1974 ·

106 2052 225 2110 Infandi
238 2050 387 2127 Cyclopes,
406 2058 436 2108 et
449 2050 514 2108 altis
526 2050 672 2109 montibus
684 2061 789 2109 errant.

106 2156 208 2215 Tertia
217 2153 279 2231 jam
292 2156 383 2213 Lunae
394 2154 424 2211 se
436 2172 542 2212 cornua
559 2153 670 2211 lumine
682 2155 827 2231 conplent,

108 2259 215 2318 Quum
226 2257 317 2316 vitam
330 2257 361 2314 in
375 2257 457 2328 filvis,
478 2256 555 2314 inter
568 2256 676 2315 deserta
689 2259 815 2315 feramm

108 2363 210 2422 Lustra
217 2363 381 2436 domosque,
390 2359 481 2432 traho;
490 2360 636 2437 vastosque
644 2362 680 2419 ab
688 2380 759 2437 rupe
767 2362 906 2440 Cyclopas

109 2464 263 2543 Prospicio,
281 2461 471 2539 sonitumque¹
475 2464 582 2541 pedum
594 2484 752 2540 vocemque
764 2465 905 2526 tremisco.

109 2570 231 2629 Vistum
243 2567 399 2638 infelicem,
418 2569 528 2637 baccas,
545 2567 729 2644 lapidosaque
740 2588 845 2653 corna,

111 2674 194 2732 Dant
206 2670 288 2740 rami,
308 2681 338 2728 et
350 2670 431 2728 volfis
443 2669 565 2746 pascunt
577 2669 719 2731 radicibus
730 2672 836 2731 herbae.

111 2776 221 2835 Omnia
232 2774 414 2842 conlustrans,
426 2774 501 2832 banc
509 2774 637 2851 primum
650 2776 686 2833 ad
697 2775 782 2834 litora
793 2776 907 2835 classem

113 2877 259 2958 Conspexi
268 2879 440 2936 venientem.
454 2878 533 2936 Huic
541 2897 597 2948 me,
608 2878 795 2955 quaecumque
801 2878 907 2951 suiffet,

112 2982 238 3043 addixi:
260 2981 326 3039 satis
337 2983 377 3039 est
390 2993 506 3059 gentem
518 2980 649 3059 effugisse
660 2983 832 3040 nefandam:

95 3099 100 3108 '
113 3089 173 3145 Vos
181 3085 308 3145 animam
316 3085 390 3143 hanc
397 3086 491 3163 potius
501 3103 683 3162 quocumque
690 3084 830 3143 absumite
838 3086 907 3151 leto.

152 3191 214 3249 Vix
226 3209 260 3248 ea
272 3190 348 3247 satus
360 3199 430 3260 erat,
444 3190 555 3246 summo
568 3207 660 3264 quum
670 3198 770 3247 monte
778 3189 909 3273 videmus

116 3295 222 3372 Ipsum,
241 3293 318 3351 inter
329 3293 452 3370 pecudes
463 3293 539 3351 vasta
551 3292 580 3350 se
592 3293 669 3351 mole
681 3303 854 3362 moventem,

117 3399 256 3457 Pastorem
269 3396 486 3475 Polyphemum,
504 3405 535 3455 et
546 3392 631 3456 litora
644 3406 712 3456 nota
724 3404 870 3475 petentem
879 3417 899 3454 :-
