2250 4050
171 476 211 532 aa
398 472 702 540 Buconica,
842 445 919 526 'va

171 630 250 687 Serta
263 628 337 687 mibi
352 628 458 707 Phyllis
469 631 588 706 legeret,
607 635 736 688 cantaret
747 626 896 704 Amyntas.

171 733 231 792 Hic
245 733 333 810 gelidi
346 734 452 806 sontem
474 735 523 792 bic
535 733 633 792 mollia
646 741 737 810 prata,
751 731 867 810 Lycori3

171 837 231 896 Hic
244 856 358 896 nemus:
380 838 429 897 hic
441 839 502 916 ipso
515 848 612 896 tecum
624 837 807 896 consumerer
818 855 888 895 aevo.

171 942 261 999 Nunc
274 940 389 999 insanus
401 959 482 1000 amor
493 941 558 998 duri
575 950 604 998 te
617 939 722 999 Martis
739 939 877 1007 inarmis,

170 1044 243 1101 Tela
256 1043 332 1101 inter
345 1045 449 1112 media,
469 1052 555 1120 atque
568 1041 697 1101 adversos
712 1043 825 1100 detinet
837 1039 918 1100 hostia.

170 1148 218 1204 Tu
231 1146 330 1223 procul
343 1167 359 1204 a
373 1147 465 1224 patrib
484 1149 550 1222 (nec
563 1146 599 1203 fit
610 1144 684 1203 mihi
696 1146 811 1204 credere
824 1153 918 1203 tantun

170 1247 300 1325 Alpinas,
320 1248 454 1307 ah‘dura!
476 1249 566 1317 nives,
585 1257 615 1306 et
628 1247 735 1324 frigora
748 1248 853 1317 Rheni,

171 1349 224 1408 Me
236 1351 295 1407 sane
308 1351 365 1409 sola
377 1351 465 1410 vides.
505 1350 555 1409 Ah
569 1361 599 1409 te
611 1369 648 1408 ue
661 1350 768 1427 frigora
779 1350 895 1409 laedautl

171 1451 221 1510 'Ah
235 1452 289 1511 tibi
302 1471 340 1510 ue
353 1463 462 1512 teneras
477 1453 582 1530 glacies
595 1453 670 1510 secet
682 1452 778 1530 aspera
791 1450 908 1530 plantas!

171 1555 233 1623 Ibo,
247 1567 286 1623 et,
299 1556 466 1614 Chalcidico
479 1553 622 1632 quaesunt
635 1556 709 1613 mihi
721 1556 838 1613 condita
848 1551 917 1614 versu

170 1659 315 1729 Carmina,
336 1659 452 1737 pastoris
464 1658 553 1716 Siculi
565 1659 733 1716 modulabor
744 1659 846 1717 aveni.

170 1761 291 1819 Certum
304 1761 387 1819 estin
400 1761 484 1830 salvis,
504 1762 581 1818 inter
592 1762 692 1838 spelaea
705 1744 843 1829 serarum,

171 1865 262 1922 Malle
274 1865 352 1942 pati3
375 1863 536 1940 tenerisque
548 1882 627 1921 meos
637 1863 765 1921 incidere
777 1883 884 1922 amores

170 1968 343 2025 Arboribua=
365 1965 491 2024 crescent
503 1967 576 2039 illae3
596 1965 736 2034 crescetis,
756 1985 874 2024 amores.

171 2071 283 2127 Interea
295 2070 395 2128 mixtis
406 2070 530 2129 lustrabo
542 2070 668 2128 Manala
681 2068 838 2147 Nymphis,

170 2176 233 2232 Aut
245 2192 322 2232 acras
335 2177 460 2233 venabor
472 2193 566 2251 apros:
589 2191 648 2231 nou
661 2192 709 2231 me
719 2173 779 2231 ulla
791 2175 917 2231 vetabunt

169 2276 286 2354 Frigora
300 2276 464 2335 Parthenios
477 2276 596 2333 canibus
608 2276 785 2333 circumdare
799 2275 894 2333 saltus.

169 2383 235 2459 Jam
247 2381 321 2441 mihi
334 2400 386 2459 per
397 2399 481 2457 rupes
492 2380 592 2437 videor
603 2380 738 2455 lucosque
750 2379 877 2437 sonantis

168 2484 229 2555 lre3
251 2484 322 2543 llbet
336 2483 439 2542 Partho
452 2493 583 2559 torquere
595 2480 727 2558 Cydonia
739 2500 831 2538 cornu

169 2587 295 2665 Spicula:
311 2595 458 2664 tamquam
469 2584 530 2642 haec
541 2584 596 2642 sant
608 2583 692 2641 nostri
703 2584 847 2642 medicina
855 2585 916 2642 suro

168 2690 232 2746 ·Aut
244 2690 375 2762 deuaille
388 2688 470 2747 malis
483 2687 635 2744 hominum
647 2686 794 2743 mitescere
807 2687 905 2745 discat.

167 2793 235 2869 Jam
243 2791 553 2868 nequeHamadryades
560 2788 680 2859 mrsum,
691 2807 743 2845 nec
750 2790 877 2847 carmina
886 2809 916 2847 n<

168 2895 241 2974 lpsa',
255 2896 382 2975 placent;
403 2893 472 2970 ipsae
484 2892 603 2961 rursum,
617 2892 774 2958 concedite,
794 2892 877 2953 filvae.

168 2998 237 3058 Non
250 3000 332 3057 illum
347 2998 432 3056 nostri
445 2985 560 3074 potsunt
572 3004 684 3052 mutare
696 2987 804 3052 labores
811 3020 820 3065 ς

168 3102 244 3169 Nec,
256 3102 276 3159 ti
290 3101 444 3177 frigoribus
456 3098 558 3157 mediis
571 3099 760 3173 Hebrumque
772 3097 911 3165 bibamus,

169 3204 369 3280 Sithoniasque
382 3202 463 3261 nives
476 3200 580 3258 hiemis
594 3199 743 3257 subeamus
755 3201 880 3275 aquosae:

168 3306 234 3365 Nec
248 3307 277 3377 fi,
294 3326 384 3383 quum
396 3304 520 3363 moriens
533 3304 591 3361 alta
604 3302 676 3359 liber
689 3301 792 3359 aretin
806 3304 891 3369 ulmo,

169 3408 344 3487 AEthiop'um
356 3408 499 3468 versemus
511 3404 572 3464 ovis
583 3404 636 3463 sub
649 3404 737 3463 fidere
749 3404 863 3465 Cancri.
