2250 4050
173 470 231 522 150
489 460 543 519 CI
558 460 584 519 R
597 459 612 518 I
625 459 655 519 S.
863 455 956 514 ulii(

171 617 241 673 Quo
254 624 335 673 vocat
349 616 391 673 ire
404 615 493 685 dolor,
514 615 654 692 subigunt
665 634 725 692 quo
738 614 856 674 tendere
867 611 935 677 fala,-

170 718 285 788 Fertur,
307 728 337 774 et
350 717 480 775 horribili
493 737 618 795 praeceps
631 717 784 795 inpellitur
795 716 887 775 restro:

170 820 215 877 Ut
227 819 326 895 patris,
347 820 383 877 nh
398 819 527 878 demensi
549 820 660 878 crinem
672 822 710 878 de
723 821 833 878 vertiee
843 819 920 876 ferret

171 921 294 991 Furtim,
314 931 401 998 atque
414 932 517 998 arguto
530 922 684 981 detonsum
696 922 828 981 mitteret
839 917 918 978 hostiz

169 1024 307 1100 Namque
319 1023 382 1080 haec
393 1024 523 1083 conditio
536 1024 646 1082 miserae
659 1024 832 1101 proponitur
845 1040 905 1080 una.

170 1127 237 1186 Sive
249 1127 299 1184 ille
311 1126 463 1203 ignorans:
485 1126 551 1202 quis
564 1145 622 1184 non
633 1129 728 1184 bonus
739 1126 838 1184 onmia
851 1121 922 1182 malit

170 1229 305 1297 Credere,
326 1247 414 1304 quarn
427 1236 508 1286 tanto
522 1228 625 1286 scelere
638 1230 776 1286 damnare
794 1224 923 1305 puella'm?

169 1332 239 1390 Heu
260 1340 357 1389 tamen
375 1330 479 1389 infelix
504 1329 587 1409 (quid
612 1330 691 1389 enim
711 1329 892 1408 inprudentia
904 1339 953 1402 pr⁰⁴

248 1433 308 1492 dest
317 1433 342 1507 l)

170 1536 244 1596 Nise
256 1535 350 1614 pater!
371 1535 429 1604 cui,
449 1535 560 1613 direptd
573 1535 728 1594 crudeliter
739 1539 823 1606 urbe,

169 1641 232 1698 Vix
244 1639 301 1698 erit
313 1657 371 1697 una
384 1638 468 1715 super
480 1638 558 1696 sedes
572 1639 603 1696 in
616 1638 743 1696 turribus
755 1639 832 1709 allis,

151 1821 153 1824 Α
169 1741 265 1802 Felsus
277 1741 328 1799 ubi
341 1740 481 1798 exstrueo
493 1740 578 1818 pollis
590 1741 734 1800 confidere
747 1741 827 1800 nido.

170 1844 220 1903 Tu
233 1862 356 1921 qnoque,
377 1842 445 1913 avis,
465 1843 602 1902 moriere!
624 1842 705 1901 dabit
718 1842 773 1902 tibi
786 1843 846 1902 filia
858 1848 942 1920 pum

170 1948 312 2017 Gaudete,
331 1966 351 2004 o
363 1946 482 2004 celeres'l
504 1946 634 2003 subnixae
647 1945 775 2004 nubibus
787 1943 860 2013 altis,

171 2052 248 2109 Quae
254 2068 347 2120 anate,
369 2068 435 2126 quae
446 2047 550 2107 virides
563 2049 654 2120 filvas,
672 2049 811 2125 lumsque
821 2048 941 2109 sonante,

170 2153 322 2224 Incolitis,
337 2153 469 2229 gaudete,
482 2170 562 2229 vagae
575 2151 745 2228 blandaeque
756 2152 894 2219 volumen

169 2257 286 2333 Vosque
298 2256 380 2324 adeo,
399 2254 522 2312 humani*
533 2263 652 2312 mutatae
664 2254 794 2330 eorporis
804 2264 889 2321 artur,

168 2360 230 2419 Voa
242 2359 276 2418 ol
293 2356 406 2416 crudeli
419 2357 547 2414 fatorum
560 2356 635 2433 lege,
655 2356 762 2433 puellae

170 2456 334 2530 Dauliades,
354 2460 492 2536 gandete3
513 2458 604 2529 venit,
624 2458 765 2516 cariffima
777 2459 867 2531 vobis,

169 2558 317 2642 cognatur
329 2580 438 2639 augens
451 2580 541 2638 reges,
561 2579 774 2636 numerumque
787 2562 905 2628 suorum

170 2666 255 2737 Ciris,
268 2664 371 2741 etipse
384 2675 477 2742 pater:
499 2684 559 2735 vos,
571 2664 603 2722 ol
625 2662 820 2741 pulcherrima
833 2653 955 2739 quondan

169 2771 307 2848 Corpora,
325 2767 459 2826 ceruleas
470 2766 635 2844 praevertite
647 2766 681 2824 in
694 2766 803 2825 aethera
816 2769 908 2832 nuber,

170 2872 241 2930 Qud
250 2889 345 2930 novus
358 2870 394 2927 ad
407 2870 542 2945 superum
555 2869 633 2927 sedes
646 2869 818 2941 Haliaeetus,
839 2880 868 2928 et
879 2859 925 2944 qul

170 2975 302 3033 Candida
316 2969 457 3043 concerdes
470 2971 625 3029 adscendat
636 2970 714 3029 Ciris
726 2971 861 3031 honores.

208 3078 332 3155 Jamque
345 3077 417 3133 adeo
430 3074 508 3132 dulci
520 3073 669 3142 devindus
681 3073 798 3133 lumina
810 3074 902 3132 somno

169 3179 259 3237 Nisus
271 3185 334 3235 erat
341 3202 349 3247 ς
371 3176 550 3253 vigilumque
563 3176 662 3253 procul
675 3176 803 3235 custodia
815 3172 907 3254 primis

168 3280 313 3350 Excubiae
325 3278 434 3337 foribus
448 3279 539 3337 studio
547 3278 675 3355 jadabat
687 3278 785 3337 inani:

169 3384 246 3443 Cum
259 3380 364 3441 furtim
378 3381 469 3440 tacito
479 3381 653 3441 descendens
664 3382 758 3460 Scylla
771 3382 862 3443 cubili
