2250 4050
182 449 239 509 na
414 439 748 512 onosmcon,
786 402 789 408 ’
873 445 956 513 vsu.

179 598 229 657 Bis
241 597 373 674 gravidos
385 607 495 674 cogunt
507 598 594 665 fetus,
605 598 672 655 'duo
685 596 922 675 temporaneus
941 598 943 603 ⁴

179 703 310 778 Taygete
324 701 408 760 fimul
421 721 452 760 os
466 700 548 759 terris
560 700 683 758 ostendit
695 699 848 758 honestum

179 806 262 877 Plias,
283 815 313 864 et
326 805 437 864 Oceani
449 805 556 882 spretos
568 805 641 880 pede
653 803 762 881 repulit
774 803 876 875 amnis;

178 910 244 968 Aut
257 910 357 968 eadem
370 909 444 968 fidus
456 908 573 986 fugiens
586 907 637 965 ubi
650 906 739 966 Piscis
751 907 848 984 aquofi

178 1013 298 1072 Tristior
310 1013 443 1071 hibernas
455 1013 528 1070 coelo
541 1010 688 1069 descendit
700 1010 734 1068 in
746 1013 849 1070 undas.

218 1117 280 1175 Illis
293 1117 334 1175 ira
348 1117 468 1174 modum
482 1115 567 1192 supra
579 1114 628 1183 est,
647 1113 779 1191 laesaeque
791 1131 921 1172 venenum

178 1221 320 1279 Morsrbus
333 1220 482 1298 inspirant,
502 1229 532 1277 et
544 1218 653 1296 spicula
666 1238 742 1276 caeos
754 1218 914 1295 relinquunt

178 1324 294 1384 Adfixae
307 1323 396 1392 venis,
415 1323 582 1400 animasque
595 1322 626 1379 in
638 1322 755 1381 volnere
767 1330 886 1400 ponunt.

218 1428 267 1486 Sin
281 1429 381 1485 duram
393 1436 504 1485 metues
516 1426 653 1495 hiemem,
672 1445 826 1504 parcesque
838 1427 928 1490 sutum,
950 1492 953 1497 ¹

178 1531 377 1608 Contusosque
389 1532 500 1590 animos
512 1539 542 1589 et
555 1549 600 1588 res
611 1529 782 1588 miserabere
795 1529 902 1598 fredam
942 1566 945 1573 ·

177 1636 222 1695 At
233 1635 329 1693 suffire
343 1635 453 1713 thymo,
472 1646 607 1710 cerasque
619 1633 746 1691 recidere
757 1633 860 1704 inanis,

179 1739 255 1798 Quis
267 1739 396 1797 dubitet?
418 1757 487 1796 nam
499 1737 573 1814 saepe
586 1737 666 1795 savos
677 1735 797 1812 ignotus
809 1734 899 1795 adedit

177 1842 292 1914 ste11i0;
314 1851 344 1900 et
356 1841 493 1918 lucifugis
505 1840 638 1917 congesta
650 1839 759 1897 cubilia
772 1839 868 1898 blattis
872 1863 880 1909 3
926 1836 928 1841 ’

177 1944 367 2022 Inmunisque
380 1945 478 2004 sedens
491 1945 585 2004 aliena
597 1945 633 2002 ad
646 1943 754 2021 pabula
766 1943 859 2013 fucus,

176 2054 241 2112 Aut
253 2050 333 2127 asper
345 2052 446 2109 crabro
458 2049 607 2127 inparibus
620 2049 649 2122 se
660 2047 811 2107 inmiscuit
823 2046 911 2115 armis

175 2153 357 2224 Auditum,
378 2154 472 2223 tineae,
493 2173 598 2230 genus3
620 2162 670 2211 aut
682 2152 776 2211 invisa
788 2154 916 2211 Minerva

175 2259 269 2316 Laxos
281 2257 313 2314 in
326 2258 435 2315 foribus
449 2256 596 2334 suspendit
610 2259 712 2315 aranea
724 2256 819 2315 casses

177 2361 246 2419 Quo
259 2361 352 2437 magis
364 2361 506 2419 exhaustae
519 2361 638 2430 fuerint,
657 2361 712 2418 hoc
725 2360 819 2419 acrius
830 2370 916 2417 omno

174 2464 350 2522 incumbent
363 2464 475 2540 generis
488 2464 557 2542 lapsi
571 2463 672 2521 sarcire
685 2461 792 2531 ruinas,

174 2567 418 2644 Conplebuntque
431 2568 515 2635 foros,
535 2578 564 2625 et
578 2566 696 2625 floribus
707 2566 810 2623 horrea
823 2569 917 2624 terent·

213 2671 331 2742 sivero,
352 2670 488 2747 quoniam
501 2670 580 2729 casus
592 2670 692 2747 apibus
706 2689 822 2745 quoque
834 2666 923 2726 nolim

173 2775 243 2833 vita
257 2775 335 2846 tulit,
355 2775 426 2833 tristi
439 2775 618 2851 languebunt
631 2792 748 2849 corpora
761 2775 860 2831 morbo
864 2796 873 2843 ;

174 2880 262 2938 Quod
272 2877 334 2955 jam
347 2897 404 2935 non
418 2878 513 2936 dubiis
525 2877 631 2953 poteris
644 2876 816 2953 cognoscere
828 2873 916 2953 tignis:
940 2913 942 2922 ·

173 2957 336 3057 (Continuo
348 2983 388 3039 est
400 2982 483 3058 aegris
496 2982 569 3039 alius
582 2980 659 3038 color
663 3005 672 3051 3
694 2980 809 3039 horrida
820 2981 918 3038 vultum

171 3084 326 3143 Deformat
338 3085 456 3157 macies;
479 3096 542 3142 tum
555 3103 672 3161 corpora
685 3082 750 3141 luce
762 3094 903 3143 carentum

171 3188 332 3263 Exportant
346 3189 435 3257 tediis,
455 3197 485 3245 et
499 3187 588 3245 tristia
601 3188 703 3245 funera
715 3188 841 3259 ducunt;
879 3248 882 3256 ,

169 3291 234 3349 Aut
245 3289 305 3347 illae
316 3292 436 3366 pedibus
449 3310 586 3349 connexae
599 3292 634 3348 ad
647 3290 750 3348 limina
762 3292 893 3368 pendent,

170 3392 234 3451 Aut
246 3392 325 3453 intus
336 3394 437 3470 clausis
448 3395 619 3455 condiantur
632 3393 664 3452 in
677 3394 798 3466 aedibus,
811 3408 901 3454 omno
924 3433 927 3438 -
