2250 4050
230 448 300 503 238?
495 441 648 501 AENEI
665 439 773 510 BOS,
917 440 1022 501 .v.·ti⁰⁰.

230 599 298 677 Jam
310 597 577 668 flammte'tulerint,
595 598 774 658 inimicaret
787 596 915 657 hauserit
931 598 1002 657 enfia

231 700 302 758 Non
315 701 554 777 tibiTyndaridis
566 701 653 760 facies
666 701 758 759 invisa
770 704 911 772 Lacaenae,

231 804 409 882 culpatusve
423 804 513 876 Paris3
535 804 633 862 divom
646 804 843 874 inclementia,
863 805 965 873 divom,

231 907 293 965 Has
305 907 409 965 evertit
421 926 497 982 opes,
518 906 673 982 sternitque
686 926 702 965 a
715 907 844 965 culmine
856 906 974 983 Trojam.

150 1043 155 1049 -
232 1009 373 1086 Adspice,
394 1028 520 1085 namque
529 1028 655 1079 omnem,
669 1028 734 1085 quae
747 1028 835 1078 nunc,
848 1010 966 1068 obduda
977 1016 1011 1064 tn·

310 1110 381 1182 enti,
486 1104 489 1110 ’
803 1111 808 1117 ’

232 1208 365 1273 Mortalis
378 1214 494 1273 hebetat
507 1215 583 1273 visus
597 1215 659 1285 tibi,
680 1225 714 1272 et·
723 1215 843 1274 humida
856 1216 959 1272 circum

211 1392 214 1397 Ι
232 1318 357 1397 Caligat,
378 1320 486 1375 nubem
499 1317 620 1394 eripiam
628 1342 636 1388 3
659 1327 690 1375 tn
704 1337 811 1393 nequa
824 1317 947 1394 parentis

231 1420 310 1498 Juffa
321 1420 404 1489 time,
423 1433 481 1478 neu
494 1419 643 1496 praeceptis
654 1397 753 1496 parere
765 1419 878 1478 recusa:

234 1523 301 1594 Hic,
323 1522 374 1581 ubi
388 1521 517 1598 disjeitas
529 1523 619 1580 moles
632 1522 782 1598 avolsaque
795 1522 871 1580 saxia

233 1627 307 1683 Saxa
320 1625 408 1695 vides,
429 1624 580 1702 mixtoque
593 1624 750 1682 undantem
763 1625 883 1700 pulvere
896 1625 1001 1690 fumum,

234 1729 389 1804 Neptunus
403 1746 507 1793 muros,
528 1746 690 1804 magnoque
702 1737 798 1784 emota
811 1727 928 1784 tridenti

233 1831 441 1900 Fundamenta,
462 1829 555 1905 quatit
562 1855 572 1901 3
594 1838 741 1904 totamque
756 1831 793 1886 ab
807 1828 919 1888 sedibus
930 1828 1010 1885 urbm

235 1933 326 1992 Eruit.
367 1933 427 1990 Hic
439 1933 516 2010 Juno
530 1933 620 1989 Scaeas
632 1931 775 1989 saeviffima
789 1942 886 2008 portas

235 2037 329 2095 Prima
343 2045 432 2106 tenet,
453 2035 620 2111 sociumque
632 2036 730 2093 furens
742 2054 758 2092 a
771 2036 893 2094 navibus
909 2043 1004 2111 agmen»

171 2158 174 2166 ¹
235 2138 578 2206 Ferroadcindiavocat.

236 2242 300 2319 Jam
316 2240 440 2299 summas
453 2240 524 2298 arcia
536 2239 678 2309 Tritonia,
698 2239 813 2316 respice,
834 2241 924 2300 Pallae

235 2342 353 2411 Insedit,
373 2343 472 2400 nimbo
485 2342 636 2418 effulgens,
655 2352 685 2400 et
697 2343 924 2419 Gorgone-sava,
1033 2366 1036 2371 ·

235 2444 299 2522 Ipse
312 2447 395 2502 Pater
406 2444 513 2502 Danais
526 2444 645 2515 animos,
658 2446 788 2519 viresque
799 2444 941 2525 secundas,

237 2547 363 2605 Sufficit:
386 2547 445 2623 ipse
457 2548 523 2605 deos
537 2546 569 2603 in
583 2548 718 2605 Dardana
732 2548 848 2605 suscitat
861 2566 946 2606 arma.

235 2651 331 2727 Eripe,
352 2660 428 2719 nate,
448 2649 559 2727 fugam,
579 2650 724 2726 finemque
736 2650 844 2727 inpone
857 2650 953 2709 labori.

236 2755 390 2831 Nusquam
402 2756 496 2822 abero,
517 2766 547 2812 et
560 2763 657 2813 tutum
668 2754 763 2830 patrio
775 2763 805 2812 te
817 2755 919 2813 limine
932 2752 1014 2811 fistau·

237 2858 372 2916 Dixerat:
395 2867 424 2916 et
437 2857 526 2935 spissia
539 2857 629 2915 nodis
642 2856 671 2914 se
683 2857 813 2915 condidit
825 2857 941 2915 umbria¹

237 2956 386 3038 Adparent
399 2961 467 3018 dirae
483 2960 578 3029 facies,
599 2959 774 3035 inimicaque
785 2958 882 3036 Trojae

236 3064 367 3122 Numina
380 3082 486 3141 magna
498 3064 595 3120 deum.
718 3102 720 3107 -

275 3159 355 3224 Tum
367 3180 434 3226 vero
448 3184 534 3224 omne
547 3164 621 3222 mihi
635 3164 728 3223 visum
740 3166 885 3225 considere
897 3167 928 3224 in
940 3162 1004 3243 igni

249 3268 337 3338 lium,
354 3278 384 3325 et
396 3287 433 3325 ex
445 3268 505 3325 imo
518 3256 590 3325 verti
604 3267 755 3344 Neptunia
766 3268 867 3346 Troia:

236 3371 283 3429 Ac
296 3370 396 3443 veluti,
416 3369 535 3430 summis
547 3368 698 3446 antiquam
710 3371 743 3431 in
755 3372 903 3433 montibus
913 3369 1002 3444 ornain
