2250 4050
175 468 231 524 138
473 462 671 524 CULEX.
867 470 943 537 altpt

172 617 232 678 Vos
244 629 343 678 manet
354 621 486 679 Heroiim
498 632 597 680 contra
610 641 729 681 manus:
751 622 802 682 hic
814 631 844 681 et
855 631 945 696 uterqu

172 721 322 781 AEacides:
345 724 445 781 Peleus
458 743 583 801 namque
595 734 626 783 et
636 726 811 789 Telamonia
823 726 907 784 virtus

172 802 228 885 Per
238 825 334 884 secura
346 825 434 910 patris
446 827 581 885 laetantur
593 828 725 896 numina,
744 847 868 904 quorum
937 908 939 913 Ι

172 927 334 986 Connubiis
347 930 445 986 Venus
458 938 488 986 et
500 930 601 987 Virtus
613 929 744 1007 injunxit
756 931 900 988 honorem.

173 1032 262 1089 Hunc
274 1031 369 1108 rapuit
381 1031 472 1102 serva;
494 1031 534 1089 ast
547 1032 629 1091 illum
643 1033 750 1091 Nereis
763 1033 879 1092 amavit.

173 1133 284 1191 Affidet
296 1132 351 1190 hac
361 1131 484 1208 juvenis,
504 1132 593 1191 sociat
606 1153 696 1210 quem
709 1136 811 1212 gloria,
831 1133 925 1204 fortis,-

172 1236 257 1304 Acer‚
277 1234 448 1305 mercutius,
468 1237 593 1294 referens
606 1255 623 1294 a
636 1239 758 1296 'navibus
771 1239 847 1315 ignis

172 1336 315 1413 Argolicis
329 1338 476 1415 Phrygios,
496 1341 577 1397 torua
589 1338 705 1397 feritate
718 1341 852 1417 repulsos.

172 1439 201 1498 O
214 1438 349 1515 quianon
363 1441 469 1498 referat
482 1441 546 1499 talis
558 1440 680 1499 divortia
693 1442 775 1511 belli,

173 1544 249 1601 Quae
261 1541 355 1619 Trojae
367 1544 463 1601 videre
475 1543 539 1613 viri,
552 1543 708 1620 videreque
720 1545 816 1604 Graii!

170 1645 293 1703 Teucria
305 1663 372 1702 cum
385 1663 491 1722 magno
504 1656 634 1703 manaret
647 1646 789 1723 sanguine
803 1647 891 1717 tellus,

172 1746 210 1805 Et
222 1746 333 1819 Simois,
353 1748 523 1824 Xanthique
535 1748 642 1824 liquor;
657 1749 810 1826 Sigeaque
820 1759 911 1827 praetor

172 1849 271 1909 Litora
283 1870 351 1908 cum
361 1851 461 1922 Troas,
481 1850 547 1909 saevi
560 1850 651 1920 ducis,
671 1853 807 1911 Hefitoris
819 1853 860 1911 iri

171 1952 278 2011 Videre
290 1953 321 2011 in
335 1953 434 2023 claffis,
454 1953 573 2011 inimica
586 1963 694 2022 mente,
716 1955 846 2034 Pelasgas

171 2056 310 2125 Vulnera,
330 2058 396 2126 tela,
416 2076 508 2127 neces,
527 2056 612 2134 ignis,
632 2057 741 2115 inferre
752 2068 873 2134 paratos.

170 2158 235 2237 Ipsa
244 2158 322 2236 jugis
335 2178 458 2236 namque
472 2161 522 2217 lda
536 2169 637 2236 potens
650 2160 783 2231 feritatis,
804 2159 901 2237 etipsa

171 2264 271 2339 AEqua
283 2262 359 2321 faces
371 2263 455 2320 altrix
468 2262 579 2338 cupidis
591 2264 736 2338 praebebat
749 2263 881 2333 alumnia,

172 2365 277 2424 Omnis
290 2364 366 2422 utin
380 2365 489 2423 cineres
502 2364 619 2422 Rhoetei'
631 2365 724 2423 litoris
737 2385 787 2424 ora

172 2462 312 2525 Claffibus
324 2468 468 2536 ambustis,
488 2468 605 2525 flamma
618 2467 779 2544 superante,
800 2470 914 2528 daretur.

171 2569 251 2629 Hinc
264 2577 323 2627 erat
337 2570 479 2646 oppositus
492 2580 590 2627 contra
601 2570 789 2629 Telamonius
802 2572 890 2642 heros,

170 2672 349 2751 Obje&oque
361 2675 447 2732 dabat
459 2674 552 2751 clipeo
564 2675 734 2746 certamina5
756 2685 788 2733 et
799 2676 880 2736 illinc

170 2778 279 2838 Honor
291 2786 360 2845 erat,
372 2774 466 2853 Trojae
479 2774 623 2834 summum
636 2778 737 2835 decus:
765 2798 830 2837 aoer
842 2777 945 2850 itaquo

170 2879 353 2940 Fulminibus
365 2880 437 2936 coelo
450 2878 540 2935 veluti
553 2878 651 2955 fragor
663 2878 757 2937 editus
771 2881 830 2939 alto
834 2906 843 2953 5

170 2982 292 3061 Ignibus
304 2981 353 3039 hic
366 2982 487 3057 telisque
500 2980 593 3057 super,
613 2981 634 3038 fi
648 2981 781 3040 clatiibus
793 2985 885 3061 Argos
940 2967 943 2973 ¹

172 3085 283 3164 Eripiat
295 3084 415 3142 reditus:
437 3082 488 3140 ille
499 3092 533 3140 ut
544 3083 688 3141 Vulcania
699 3084 778 3143 ferro

171 3188 300 3246 Vulnera
312 3186 444 3263 protestis
456 3185 598 3261 depellere
610 3185 732 3244 navibus
744 3187 839 3247 instet.

171 3291 239 3351 Hoc
251 3296 312 3346 erat
324 3287 460 3345 AEaoides
471 3287 543 3344 alter
555 3287 668 3345 laetatus
681 3288 805 3349 bonore:
938 3369 940 3374 Α

173 3390 383 3467 Dardaniaeque
396 3388 466 3449 alter
479 3387 544 3447 fuso
557 3390 636 3466 quod
646 3389 787 3469 sanguine
800 3387 898 3469 eampis
