2250 4050
179 444 218 496 at
412 430 747 504 GEORGICON,
889 451 914 492 r.

177 591 317 662 Mincius,
336 600 367 649 et
380 592 475 649 tenera
488 590 623 669 praetexit
636 590 780 648 arundine
792 589 875 668 ripas.

179 698 214 755 In
227 695 323 754 medio
335 694 409 752 mihi
422 693 517 753 Caesar
529 693 594 764 erit,
608 694 814 772 ¹templumque
827 691 922 753 tenebit

178 799 226 857 Illi
239 797 330 856 vidtor
341 817 404 874 ego,
424 806 454 854 et
467 797 557 873 Tyrio
575 796 741 873 conspedlus
754 796 785 854 in
799 797 880 868 ostro,

178 902 305 960 Centum
319 899 502 979 quadrijugos
515 899 632 976 agitabo
643 900 682 959 ad
694 899 819 961 flumina
831 917 922 957 curtus.

178 1004 289 1063 Cunila
298 1002 380 1070 mihi,
386 1003 533 1079 Alpheum
540 1001 674 1078 linquens
682 1003 922 1080 lucosqueMolorc

178 1107 314 1164 Cursrbus
328 1116 356 1163 et
370 1107 458 1163 crudo
470 1107 605 1163 decernet
616 1105 730 1164 Graecia
743 1106 830 1164 uellu.

177 1208 250 1284 Ipse,
271 1217 357 1284 caput
369 1206 458 1265 tonsae
470 1206 547 1265 foliis
560 1217 677 1265 ornatus
690 1207 784 1278 olivae,

177 1311 262 1368 Dona
273 1311 371 1368 feram.
396 1311 463 1386 Jam
476 1329 554 1366 nune
567 1309 711 1367 sollemnis
724 1311 830 1368 ducere
840 1326 922 1388 pompa

176 1413 226 1470 Ad
240 1413 355 1470 delubra
364 1411 456 1488 juvat,
475 1411 616 1489 caesosque
629 1411 726 1469 videre
735 1410 884 1490 juvencos3

177 1515 233 1572 Vel
247 1515 329 1572 scena
343 1525 376 1571 ut
388 1514 472 1572 versis
486 1513 612 1572 discedat
625 1514 777 1584 frontibus,
799 1526 884 1592 utque

177 1619 321 1694 Purpurea
333 1616 439 1674 intexti
452 1617 556 1675 tollant
569 1617 658 1674 aulaea
670 1616 814 1676 Britanni.

176 1721 211 1778 In
225 1719 333 1777 foribus
346 1738 476 1796 pugnam
488 1738 525 1778 ex
538 1739 608 1779 auro
620 1719 768 1797 solidoque
780 1721 921 1800 elephanto

176 1823 375 1901 Gangaridum
388 1822 502 1893 faciam,
524 1822 695 1900 viderisque
708 1843 787 1883 arma
801 1821 923 1892 Quirine

176 1927 275 2001 Atque
287 1925 336 1984 hie
348 1927 506 1984 undantem
520 1926 599 1983 bello
607 1945 806 2003 magnumque
818 1928 923 1988 fluente

175 2029 292 2098 Nilum,
312 2049 345 2087 ac
359 2029 453 2087 navali
466 2028 607 2105 surgentis
620 2049 675 2088 aere
688 2031 847 2092 columnas.

174 2132 291 2193 Addam
302 2132 383 2190 urbis
391 2131 467 2189 Afiae
479 2131 612 2202 domitas,
630 2132 803 2211 pulsumque
816 2134 923 2212 Niplut

174 2234 386 2309 fidentemque
397 2234 469 2311 fugi
481 2234 619 2301 Parthum
630 2236 772 2312 versisque
785 2236 900 2315 sagittis,

174 2339 212 2395 Et
225 2338 283 2400 duo
295 2347 376 2414 rapta
388 2355 476 2395 manu
490 2336 601 2396 diverso
614 2357 651 2396 ex
664 2338 742 2396 hoste
756 2350 870 2417 tropaea,

173 2441 280 2516 Bisque
296 2438 485 2515 triumphatas
498 2449 620 2515 utroque
633 2442 670 2499 ab
682 2440 768 2500 litore
782 2443 883 2519 gentis.

173 2544 296 2601 Stabunt
308 2552 339 2600 et
353 2541 428 2602 Parii
441 2541 557 2618 lapides,
578 2542 715 2619 spirantia
728 2544 819 2621 signa,

173 2643 301 2712 Affaraei
314 2645 416 2721 proles,
436 2643 618 2721 demiffaeque
630 2648 668 2704 ab
679 2649 751 2725 Jove
765 2649 860 2725 gentis

173 2747 311 2815 Nomina,
318 2748 449 2823 Trosque
457 2766 568 2824 parens,
579 2748 707 2827 etTrojae
714 2750 859 2828 Cynthius
868 2746 923 2810 aud¹

173 2849 286 2910 Invidia
299 2849 405 2909 infelix
418 2850 526 2919 Furias,
546 2870 719 2928 amnemque
731 2852 861 2913 severum

172 2953 287 3032 Cocyti,
306 2962 427 3021 metuet,
447 2961 594 3029 tortosque
606 2954 717 3021 Ixionis
728 2956 843 3033 anguis,

172 3057 382 3133 inmanemque
395 3065 497 3125 rotam,
517 3065 547 3113 et
559 3075 619 3114 non
631 3056 829 3135 exsuperabile
842 3060 924 3118 saxum

210 3160 323 3218 Interea
334 3160 487 3235 Dryadum
501 3158 582 3218 silvas
594 3158 737 3236 saltusque
749 3161 897 3238 sequamur

171 3261 309 3333 Intaelos3
331 3274 390 3331 tna,
411 3262 566 3332 Maecenas,
585 3262 663 3321 haud
675 3264 774 3323 mollia
783 3263 865 3341 julia.

170 3363 216 3426 Te
228 3364 287 3425 fine
300 3364 342 3430 nil
355 3364 447 3427 altum
462 3377 545 3435 mens
557 3363 685 3427 inchoat
719 3368 782 3428 Enl
803 3366 924 3449 agefen
