2250 4050
160 440 230 507 ‘116
403 440 739 512 GEORGICON,
864 461 892 502 r.

170 598 250 658 Nam
262 597 320 675 qui
333 596 430 655 Pellaei
443 617 512 676 gens
522 599 670 657 fortunata
683 599 800 677 Canopi

169 702 290 763 Adeolit
301 700 392 760 effuso
404 701 583 778 stagnantem
594 702 716 760 flumine
731 703 849 774 Nilum,

170 807 210 864 Et
222 806 330 865 circum
343 805 426 883 pinis
439 805 554 865 vehitur
566 805 615 863 sua
628 824 694 864 rura
706 805 819 878 fasciis,
896 877 900 886 ,

173 910 298 986 Quaque
310 909 480 986 pharetratae
493 908 602 967 vicinia
615 908 734 970 Perfidia
747 920 866 987 urguet,

171 1013 210 1070 Et
223 1011 336 1071 diversa
349 1031 432 1070 ruens
444 1012 553 1089 septem
567 1012 700 1070 discurrit
711 1013 744 1070 in
757 1033 807 1072 ora

172 1115 272 1192 Usque
284 1115 417 1173 coloratis
428 1116 522 1173 amnis
535 1117 661 1174 devexus
676 1118 714 1174 ab
726 1116 820 1187 India,

172 1220 216 1278 Ut
229 1219 350 1278 viridem
363 1219 529 1296 AEgyptum
541 1219 776 1296 nigrisecundet
788 1221 885 1292 areni,

172 1323 277 1381 Omnis
290 1323 321 1380 in
334 1322 388 1380 hac
401 1333 509 1380 certam
522 1323 603 1399 regio
610 1322 683 1400 jacit
696 1332 758 1381 arte
771 1323 897 1382 salutem.

212 1427 341 1502 Exiguus
350 1425 485 1501 primurn,
496 1435 583 1502 atque
594 1425 668 1503 ipsos
678 1428 842 1486 contraeas
852 1428 900 1487 adr

173 1529 300 1606 Eligitur
311 1530 404 1586 locus:
426 1529 504 1586 hunc
517 1530 687 1606 angustique
700 1530 822 1589 imbrice
835 1529 898 1590 testi

174 1633 389 1707 Parietibusque
401 1642 536 1709 premunt
549 1633 626 1701 artis,
645 1642 675 1692 et
688 1643 813 1708 quatuor
824 1635 900 1693 adun

176 1737 309 1795 Quatuor
322 1755 338 1793 a
351 1735 453 1804 ventis,
473 1735 590 1811 obliqui
602 1738 667 1794 lnce
679 1737 825 1797 fenestras.

172 1842 253 1898 Tum
265 1840 380 1909 vitulus,
400 1839 480 1896 birni
492 1858 611 1897 curvans
620 1838 682 1916 jam
694 1859 803 1898 cornua
816 1842 900 1899 frontt

175 1944 339 2002 Quaeritur:
361 1943 429 2000 huic
443 1942 568 2019 geminae
586 1963 676 2012 nares,
697 1954 727 2001 et
739 1944 857 2021 spiritus
869 1942 900 2002 ors

172 2047 272 2128 ¹Multa
285 2048 447 2116 relnbianti
468 2047 611 2120 obsuitur3
632 2048 783 2125 plagisque
795 2057 900 2126 peremt

173 2149 271 2208 Tunsa
284 2169 336 2227 per
347 2150 491 2227 integram
504 2150 652 2209 solvuntur
664 2151 770 2210 viscera
781 2154 895 2229 pellem.

175 2254 222 2312 Sic
234 2254 358 2330 positum
368 2254 398 2311 in
413 2253 508 2311 clauso
521 2255 668 2330 linquunt,
688 2264 718 2312 et
730 2274 828 2314 ramea
840 2254 900 2314 colii

175 2356 337 2435 S'ubjiciunt
349 2358 520 2434 fragmenta,
535 2358 677 2434 thymum,
691 2358 834 2434 casiasque
844 2377 900 2417 rect

174 2460 241 2518 Hoc
249 2460 368 2535 geritur,
376 2459 516 2536 Zephyris
523 2460 650 2535 primunr
661 2460 868 2536 inpellentibus
875 2480 900 2518 ur

175 2563 256 2622 Ante
268 2561 350 2620 novis
362 2565 483 2620 rubeant
496 2582 583 2638 quam
596 2573 675 2640 prata
689 2563 841 2637 coloribus,
862 2575 900 2623 ant

175 2666 297 2725 Garrula
311 2685 398 2742 quam
410 2665 499 2742 tignis
512 2666 614 2723 nidum
627 2665 781 2742 suspendat
794 2668 900 2727 hirunda

175 2772 298 2838 Interea,
319 2770 422 2827 teneris
436 2770 593 2844 tepefactus
605 2769 637 2826 in
650 2769 755 2829 offibua
767 2770 871 2829 humor

175 2874 301 2943 AEstuat,
321 2887 351 2931 et
364 2872 479 2931 visenda
492 2872 585 2930 modis
598 2873 734 2931 animalia
746 2874 839 2945 miris,

175 2979 292 3058 [I'runca
305 2978 413 3052 pedum
425 2975 528 3052 primo,
549 2995 618 3033 mox
631 2986 660 3034 et
673 2977 822 3036 stridentia
834 2994 900 3055 penu

176 3080 346 3148 Miscentur,
362 3090 535 3154 tenuemque
546 3080 638 3155 magis
652 3080 745 3156 magis
758 3083 824 3140 aira
836 3097 900 3156 carp

176 3184 287 3253 Donec,
309 3191 341 3239 ut
353 3181 454 3239 aeslivis
466 3180 571 3239 effusus
584 3182 708 3239 nubibus
721 3183 825 3255 imber,

176 3288 321 3362 Erupere;
342 3293 392 3342 aut
404 3294 446 3355 ut,
467 3303 554 3342 nervo
566 3284 706 3361 pulsante,
725 3287 848 3364 sagittar,

177 3389 273 3449 Prima
284 3388 361 3447 leves
373 3387 476 3446 ineunt
488 3388 510 3446 si
522 3389 637 3464 quando
649 3390 752 3465 proelia
765 3390 867 3450 Parthi.
