2250 4050
134 475 162 514 v.
177 458 230 524 71.
381 449 612 508 ECLOGA
650 447 736 509 vlu.
904 458 941 510 ³1

133 609 272 688 Frigidus
284 608 317 667 in
330 611 420 687 pratis
432 613 574 671 cantando
587 610 733 687 rumpitur
744 609 856 687 anguis.

133 714 247 792 Ducite
268 715 305 771 ab
327 716 399 772 urbe
425 716 554 786 domurn,
582 733 648 772 mea
674 714 812 782 carmina,
846 712 945 772 ducite

215 816 368 894 Daphnin.

133 923 235 981 Tema
249 920 305 978 tibi
319 920 382 978 haec
394 919 532 997 primum,
546 919 654 997 triplici
665 919 775 978 diversa
788 919 891 988 colore,

134 1024 221 1083 Licia
235 1022 405 1096 circumdo;
427 1035 526 1099 terque
535 1022 611 1080 hanc
624 1022 725 1080 altaria
738 1022 848 1079 circum

135 1126 282 1203 Effigiem
295 1127 370 1183 duco
375 1149 384 1198 3
408 1144 528 1183 numero
542 1127 611 1183 deus
624 1126 723 1202 inpare
737 1127 852 1202 gaudet.

108 1298 112 1305 ,
135 1231 253 1289 Ducite
279 1231 317 1287 ab
341 1230 413 1286 urbe
436 1229 566 1298 domum,
593 1247 658 1286 mea
683 1229 819 1300 carmina,
848 1228 946 1286 ducite

219 1331 372 1409 Daphnin.

135 1437 237 1496 Necte
251 1435 344 1493 tribus
357 1434 442 1493 nodis
453 1444 558 1504 ternos,
578 1435 733 1512 Amarylli,
752 1435 859 1493 colores
864 1460 873 1507 ς

135 1540 247 1608 Necte,
268 1537 423 1616 Amarylli,
442 1541 529 1597 modo
534 1563 543 1612 3
566 1549 605 1611 et,
618 1539 749 1609 Venerin,
762 1539 819 1611 dic,
832 1538 948 1597 vincula

221 1643 319 1702 necte.
762 1653 764 1657 ’

135 1746 253 1807 Ducite
280 1748 317 1803 ab
342 1747 415 1803 urbe
440 1746 569 1816 domum,
597 1765 661 1805 mea
687 1745 824 1813 carmina,
853 1744 950 1804 ducite

222 1847 374 1925 Daphnin.

135 1956 248 2014 Limus
261 1961 296 2008 ut
308 1951 357 2008 hic
371 1950 504 2020 durescit,
524 1960 554 2008 et
564 1951 626 2009 haec
639 1961 673 2008 ut
685 1970 749 2010 cera
762 1951 903 2028 liquescit,

136 2048 216 2119 Unn
226 2055 389 2131 eodemque
402 2055 466 2131 igni
471 2079 480 2125 3
503 2055 539 2112 fic
552 2056 647 2113 nostro
660 2055 791 2132 Daphnis
805 2075 911 2115 amore.

135 2163 255 2239 Sparge
270 2157 387 2227 molam,
396 2166 426 2214 et
434 2156 545 2235 fragilis
557 2157 680 2217 incende
693 2158 837 2217 bitumine
849 2160 951 2218 lauros.

136 2261 283 2341 Daphnis
304 2280 351 2318 me
371 2261 462 2319 malus
483 2261 555 2319 urit:
577 2281 633 2339 ego
653 2263 728 2321 hanc
748 2263 780 2321 in
799 2264 954 2341 Daphnida

225 2366 354 2423 taurum.
379 2382 382 2387 ·

137 2468 258 2529 Ducite
286 2468 322 2523 ab
347 2467 418 2523 urbe
443 2467 572 2538 domum,
606 2487 669 2527 mea
696 2470 834 2541 carmina,
857 2470 955 2528 ducite

227 2568 379 2648 Daphnin.

138 2675 230 2735 Talis
244 2690 326 2731 amor
338 2671 487 2749 Daphnin,
501 2674 603 2748 qualis,
616 2691 707 2750 quum
720 2677 787 2734 feisa
799 2676 955 2753 juvencum

139 2779 199 2838 Per
214 2792 335 2852 nemora
348 2782 435 2848 atque
448 2776 519 2832 altos
532 2778 687 2852 quaerendo
699 2780 804 2838 bucula
817 2781 897 2838 lucos

142 2882 272 2957 Propter
285 2896 366 2953 aquae
379 2877 474 2934 rivum
486 2878 574 2935 viridi
587 2881 750 2955 procumbit
761 2881 793 2939 in
807 2884 885 2953 ulvit,

144 2981 279 3049 Perdita,
300 2977 434 3036 nec'serae
447 2980 583 3038 meminit
593 2982 729 3040 decedere
743 2985 837 3056 notti3

144 3085 234 3145 Talis
247 3100 330 3140 amor
343 3090 448 3151 teneat,
470 3101 523 3140 nec
536 3083 571 3140 fit
583 3084 657 3142 mihi
670 3105 738 3144 cura
751 3088 869 3147 mederi.

149 3186 264 3245 Ducite
286 3186 324 3242 ab
349 3186 421 3241 urbe
447 3186 576 3257 domum,
608 3208 673 3247 mea
698 3192 834 3262 carmina,
861 3196 957 3253 ducite

233 3286 384 3363 Daphnin.

153 3390 218 3450 Has
230 3390 302 3449 olim
316 3388 433 3450 exuvias
447 3390 520 3449 mihi
533 3392 658 3469 perfidus
671 3395 721 3454 ille
734 3398 860 3474 reliquit,
