2250 4050
146 479 174 520 v.
186 468 257 521 315.
468 460 569 524 LIB.
599 463 634 522 ·Ῑ.
911 470 949 523 63
1002 530 1006 535 ,

146 620 227 696 Saepe
240 637 306 696 ego,
326 638 418 696 quum
429 621 513 680 flavis
524 621 674 679 messorem
686 618 836 677 induceret
848 617 922 677 urvis

146 721 296 800 Agricola,
317 732 347 780 et
360 722 458 800 fragili
466 722 528 801 jam
541 723 690 801 stringeret
701 722 807 781 hordea
819 721 924 792 csrlmo,

146 824 256 884 Omnia
271 834 422 884 ventorum
434 846 601 886 concurrere
613 827 714 905 proelia
727 826 787 885 vidi
791 852 802 900 3

146 929 225 986 Quae
237 928 387 1005 gravidam
399 929 458 987 late
471 929 598 1007 segetem
610 931 647 988 ab
660 929 803 988 radicibus
815 927 883 988 imis

146 1030 278 1090 Sublime
291 1030 440 1109 expulsam
452 1041 599 1090 eruerent:
621 1031 663 1090 ita
677 1033 792 1090 turbine
805 1031 890 1109 nigro

146 1132 245 1192 Ferret
266 1134 359 1192 hiems
379 1135 566 1212 culmumque
590 1135 684 1194 levem
707 1134 878 1212 stipulasque
898 1152 949 1195 vo-

224 1235 322 1296 lautis.

146 1338 500 1417 Saepeetiaminmensum
511 1341 583 1399 coelo
592 1339 672 1401 venit
685 1359 789 1419 agmen
800 1360 948 1418 aquarum,
1034 1376 1039 1388 ·

146 1441 181 1501 Et
194 1443 308 1501 foedam
321 1443 481 1520 glomerant
496 1443 691 1522 tempestatem
707 1444 848 1504 imbribus
860 1445 929 1505 atris

146 1546 296 1605 Conledlae
308 1565 345 1603 ex
358 1547 417 1604 alto
430 1549 533 1605 nubes:
556 1547 615 1605 ruit
628 1548 732 1606 arduus
744 1547 847 1620 sether3

146 1647 180 1708 Et
192 1648 298 1727 pluvii
310 1648 425 1726 ingenti
439 1650 496 1707 sata
509 1649 575 1708 laeta
588 1652 734 1727 boumque
745 1649 856 1707 labores

146 1742 259 1823 Diluit3
279 1750 430 1829 inplentur
442 1751 528 1822 fossae,
543 1761 574 1811 et
586 1771 654 1811 cava
663 1751 786 1811 flumina
798 1750 930 1810 crescunt

146 1855 224 1914 Dum
238 1853 336 1912 sonitu
342 1878 353 1927 3
374 1853 522 1932 fervetque
534 1853 615 1913 fretis
628 1853 799 1932 spirantibus
811 1843 930 1931 {equom

146 1956 207 2037 lpse
224 1958 318 2025 Pater,
337 1956 434 2014 medil
447 1956 612 2015 nimborum
623 1956 654 2014 in
668 1957 760 2030 noete,
780 1946 897 2016 corusca

146 2060 282 2121 tormina
295 2058 415 2117 molitur
426 2060 540 2131 dextrd3
561 2079 620 2137 qno
631 2079 767 2119 maxuma
778 2069 862 2121 motu

146 2165 234 2225 ferra
249 2162 363 2221 tremit:
386 2162 578 2239 sugereserae3
599 2174 630 2222 et
641 2164 773 2223 mortalis
784 2165 871 2223 corda

146 2267 196 2327 Per
210 2275 317 2345 gentes
330 2265 449 2323 humilis
461 2265 557 2325 stravit
569 2278 669 2344 pavor:
691 2258 741 2326 ille
753 2266 891 2345 flagranti

146 2373 207 2430 Aut
222 2368 317 2437 Atho,
334 2377 385 2426 aut
397 2367 565 2447 Rhodopen,
582 2383 633 2427 aut
645 2369 703 2428 alta
715 2369 857 2429 Ceraunia
871 2370 930 2428 telo

146 2471 273 2551 Dejicit3
295 2470 479 2548 ingeminant
491 2471 577 2529 austri
590 2482 620 2529 et
632 2471 807 2532 denfiffimus
817 2472 926 2543 imber;

146 2575 238 2635 Nunc
251 2589 369 2632 nemora
382 2572 495 2650 ingenti
507 2582 604 2644 vento,
623 2593 701 2632 nunc
712 2574 805 2646 litora,
825 2574 948 2654 plangit.

180 2679 254 2738 Hoc
267 2685 408 2745 metuens,
428 2674 493 2733 ooeli
505 2675 615 2734 menses
628 2686 659 2735 et
669 2676 757 2735 fidera
770 2678 861 2752 serva3

146 2779 268 2860 Frigida
282 2777 396 2837 Saturni
409 2776 467 2836 sese
479 2797 537 2855 quo
549 2778 627 2837 stella
640 2788 780 2857 receptet5

146 2884 233 2944 Quos
245 2880 325 2959 ignia
337 2879 404 2939 coeli
417 2880 566 2958 Cyllenius
578 2890 654 2939 erret
665 2880 696 2939 in
709 2884 800 2939 orbes.

146 2986 179 3049 In
193 2984 302 3067 primis
313 3002 447 3043 venerare
460 2985 535 3055 deos,
556 2994 642 3061 atque
654 3003 749 3043 annua
762 2996 876 3061 magne

147 3091 232 3152 Sacra
245 3087 322 3147 reser
335 3087 444 3156 Cereri,
461 3086 535 3145 laetis
547 3097 679 3167 operatus
688 3085 723 3145 'in
735 3086 840 3157 herbis,

148 3191 296 3254 Extremae
309 3188 361 3247 sub
374 3188 471 3247 casum
484 3188 597 3260 hiemis,
613 3188 674 3267 jam
687 3207 752 3248 vere
765 3187 871 3250 sereno.

148 3293 233 3355 'Iunc
242 3292 370 3373 pingues
383 3290 461 3369 agni,
480 3300 510 3349 et
522 3300 593 3349 tunc
605 3284 766 3350 molliffima
779 3292 845 3351 vina
851 3318 861 3364 ;

151 3395 233 3460 'lune
247 3394 343 3457 somni
355 3394 453 3453 dulces
465 3393 616 3472 densaeque
629 3394 661 3454 in
673 3394 818 3458 montibus
830 3397 949 3455 umbrae.
