2250 4050
89 450 91 455 ,
154 380 240 435 vus.
467 373 566 433 urs.
588 374 631 433 Ιι.
889 377 943 443 1⁸7

158 522 246 600 Illum,
264 528 458 609 exspirantem
470 529 608 589 transfixo
620 529 733 607 pedore
746 527 885 598 flammas,

91 610 97 695 l
157 622 277 691 Turbine
288 633 444 711 oouripuit,
463 633 636 710 scopuloque
647 631 745 690 infixit
757 639 852 690 acuto.

95 752 100 817 g
159 728 208 788 Ast
216 752 273 812 ego,
293 754 360 812 quae
373 734 470 793 divom
482 735 585 793 incedo
596 734 706 811 regina,
717 733 854 813 Jovisque

97 820 103 893 i
158 825 197 889 Et
205 835 274 895 soror
285 847 316 896 et
329 836 464 914 conjunx,
483 838 543 896 und
555 856 624 895 cum
636 846 724 914 gente
736 845 780 894 tot
792 854 881 895 annos

98 916 102 995 ἶ
158 926 227 996 unu
239 958 317 1017 gero.
356 941 396 998 Et
407 939 559 1016 quisquam
571 959 680 998 numen
693 939 814 1015 Junonis
825 940 923 997 adoret
944 987 949 995 .

89 1006 104 1119 ’ἓ
157 1028 293 1111 heusen
313 1052 364 1100 aut
375 1042 496 1119 supplex
508 1043 564 1101 aris
575 1043 695 1119 inponat
708 1042 862 1099 honorem?

95 1122 103 1285 i
194 1143 268 1203 Talia
279 1146 429 1204 flammato
441 1143 614 1207 sooum'Dea
626 1145 711 1202 oorde
723 1144 864 1213 volutans,

89 1328 91 1333 1
154 1232 323 1305 Nimborum
333 1246 366 1304 in
378 1247 508 1323 patriam,
518 1248 581 1305 loon
591 1246 651 1305 feta
660 1246 823 1304 furentibus
835 1245 942 1319 austris,

89 1350 91 1357 '
143 1339 276 1409 =Ilioliam
288 1350 380 1409 venit.
418 1349 479 1408 Hic
489 1348 566 1408 vasto
578 1368 630 1407 rex
641 1348 746 1407 AEolua
758 1359 841 1407 antro

91 1506 95 1523 ,
151 1437 295 1509 Lunares
306 1458 406 1510 ventos
419 1451 654 1528 tempestatesque
666 1451 778 1510 sonoras

89 1530 96 1589 ἶ
149 1541 271 1631 Imperio
279 1557 396 1634 premit,
415 1574 450 1615 ac
461 1555 562 1615 vinclis
574 1565 604 1614 et
616 1574 727 1614 carcere
739 1555 842 1615 frenat.

150 1644 199 1714 Illi
207 1658 388 1736 indignantes
400 1678 506 1737 magno
518 1678 586 1717 cum
598 1677 744 1717 murmure
756 1658 863 1717 montis

89 1778 91 1783 ·
150 1753 265 1819 Circum
277 1761 396 1820 claustra
407 1762 549 1820 fremunt:
576 1761 649 1820 celsa
661 1761 740 1819 sedet
750 1758 856 1819 AEolus
867 1779 940 1831 aroc,

149 1854 261 1941 Sceptra
270 1873 385 1936 tenens3
400 1864 550 1940 mollitque
557 1864 676 1933 animoa,
685 1872 715 1921 et
725 1871 865 1940 temperat
874 1862 940 1921 iras.

94 1972 97 1977 '
146 1952 193 2022 Ni
204 1967 297 2039 faciat,
317 1966 405 2025 maria
418 1986 453 2025 ac
465 1974 552 2025 terras
565 1966 728 2043 ooelumque
739 1965 915 2043 profundum

89 2063 93 2130 ἶ
147 2061 266 2149 Quippe
277 2070 374 2129 serant
385 2070 478 2147 rapidi
489 2070 596 2141 secum,
608 2080 780 2146 verrantque
789 2088 841 2146 per
849 2087 940 2128 auras.

89 2135 94 2248 l
147 2161 205 2228 Sed
214 2183 294 2251 pater
305 2172 486 2250 omnipotens
496 2171 637 2249 speluncis
651 2171 763 2230 abdidit
775 2171 853 2241 atria,

89 2253 92 2264 ¹
146 2260 213 2331 Hoc
223 2284 356 2345 manens
360 2299 369 2347 3
389 2275 553 2352 molemque
565 2283 596 2333 et
607 2274 714 2332 montis
730 2274 847 2352 insuper
859 2274 931 2334 altos

146 2362 284 2460 Inposuu
303 2381 459 2455 regemque
471 2378 559 2447 anst,
581 2378 632 2455 qus
644 2378 751 2436 senem
763 2388 842 2437 certo

146 2464 191 2535 Et
200 2499 335 2557 premere,
354 2489 385 2539 et
396 2481 475 2539 laxas
489 2479 572 2538 sciret
590 2482 657 2538 dare
665 2479 755 2557 juffua
768 2481 901 2540 habenas.

147 2572 200 2638 Ad
211 2601 296 2659 quem
309 2591 374 2640 tum
385 2584 463 2661 Juno
476 2581 596 2660 supplex
608 2582 653 2640 his
665 2583 783 2643 vocibus
794 2583 844 2642 usa
857 2584 911 2641 est:
1026 2591 1030 2598 '

190 2684 282 2753 AEole,
302 2703 427 2761 namque
447 2684 503 2743 tibi
519 2684 617 2744 divom
634 2697 723 2761 pater,
742 2695 829 2762 atque
846 2683 941 2745 homi·

262 2806 335 2846 num
346 2805 408 2858 rex,

145 2871 192 2943 Et
201 2891 323 2949 mucore
334 2890 414 2948 dedit
426 2890 530 2948 flodus
543 2896 574 2947 et
586 2890 686 2947 tollere
698 2900 784 2948 vento
788 2913 797 2961 3

145 2977 235 3063 Geurr,
253 2990 373 3051 inimica
385 2991 468 3062 mihi,
488 2992 673 3068 Tyrrhenum
685 2991 802 3068 navigat
815 3011 921 3068 sequor,
944 3001 947 3006 “

145 3073 236 3152 Ilium
247 3093 279 3152 in
292 3094 408 3164 Italiam
420 3102 543 3170 portans,
564 3094 708 3170 vidoaque
721 3095 854 3153 Penates:
949 3109 952 3117 ·

145 3175 249 3255 luente
260 3195 320 3255 vim
331 3195 433 3263 ventis,
451 3194 664 3272 submersasque
676 3197 764 3253 obrue
777 3214 900 3274 puppem

145 3284 421 3377 Autagrsdiversos
441 3282 583 3375 et'disjice
598 3316 713 3375 corpora
725 3310 824 3376 ponto.
849 3369 852 3374 ἢ
