2250 4050
178 456 235 525 la)
442 447 728 520 AENEIDOS,
801 486 803 490 ·
861 457 902 508 vrl

174 606 257 664 Vicit
269 605 374 665 hiemi:
395 605 470 665 laxis
481 606 606 665 laterum
618 606 798 685 conpagibus
808 622 897 665 omues

174 709 338 786 Adcipiunt
349 708 503 767 inimicum
519 708 654 778 imbrem,
674 708 814 784 rimisque
828 705 902 765 fatisc

214 811 337 881 Interea,
355 829 461 888 magno
473 810 586 869 misceri
600 830 750 871 murmure
765 819 890 887 pontum,

174 912 367 990 Emiffamque
379 913 507 972 hiemem
519 913 605 971 sentit
617 914 784 989 Neptunus,
803 923 833 972 et
844 909 902 970 imit

174 1017 280 1092 Stagna
292 1015 385 1074 refusa
397 1015 486 1084 vadis,
506 1017 632 1092 graviter
649 1025 817 1087 conmotus3
837 1025 872 1084 et,
888 1032 902 1071 a

173 1117 357 1193 Prospicims,
377 1117 491 1176 summi
505 1117 653 1194 placidum
669 1127 759 1195 caput
771 1119 902 1178 extulitu

173 1217 331 1296 Disjettam
342 1219 447 1277 AEneae
460 1228 522 1277 toto
533 1219 613 1278 videt
625 1238 741 1296 aequore
752 1221 875 1292 claffem3

173 1320 319 1379 munibus
330 1321 472 1398 oppreffos
484 1322 573 1381 Troas
586 1321 712 1398 coelique
723 1322 817 1382 ruina.

173 1422 239 1480 Nec
252 1422 361 1481 latuere
375 1423 434 1481 doli
447 1423 565 1482 fratrem
577 1423 711 1500 Junonit,
732 1433 763 1482 et
774 1425 833 1483 irre.

174 1525 283 1582 Eurum
303 1526 340 1583 ad
360 1525 389 1584 se
412 1525 636 1602 Zephyrumque
654 1537 753 1600 vocata
780 1525 878 1587 dehinc
894 1531 902 1581 t

250 1627 341 1685 satur:

172 1731 305 1788 Tantane
318 1745 370 1790 vor
382 1730 494 1808 generis
506 1730 602 1789 tenuit
612 1730 721 1790 fiducia
733 1731 832 1791 uestri?

172 1833 241 1910 Jam
251 1833 358 1891 coelum
370 1843 530 1910 terramque
541 1853 607 1891 tneo
619 1833 679 1892 fine
690 1835 822 1903 numine,
833 1830 902 1892 Vent'

173 1934 306 2006 Miscere,
326 1944 357 1993 et
370 1944 463 1994 tantas
476 1937 588 1997 audetis
601 1936 701 1995 tollere
713 1937 821 1997 moles?

174 2039 257 2097 Quos
270 2038 413 2115 ego-sed
426 2048 519 2098 motos
531 2039 644 2116 praestat
655 2039 902 2117 oonponereuueu

173 2141 235 2199 Post
249 2140 322 2198 mihi
335 2160 394 2198 non
407 2140 493 2200 fimili
504 2141 589 2219 poeui
601 2142 739 2202 conmiffa
751 2143 845 2203 luetis.

172 2246 319 2303 Maturate
332 2244 443 2322 fugam,
463 2244 582 2322 regique
594 2244 658 2302 haee
670 2245 761 2305 dicite
772 2247 872 2305 vestro:

171 2347 242 2404 Non
255 2347 298 2405 illi
312 2347 468 2425 imperium
483 2347 589 2425 pelagi,
608 2346 775 2424 fretumque
788 2349 902 2407 tridente

172 2449 227 2507 Sed
239 2449 321 2517 mihi,
341 2449 415 2507 sorte
427 2450 538 2508 datum
577 2449 673 2508 Tenet
690 2450 741 2508 ille
754 2444 902 2509 inmaniest

171 2550 292 2620 Vestras,
312 2552 397 2620 Eure,
417 2552 528 2611 domos:
549 2550 601 2610 illa
613 2552 642 2609 se
650 2551 740 2629 janet
751 2554 783 2611 in
795 2554 859 2612 auli

172 2651 286 2722 AEolus‚
307 2662 336 2711 et
349 2653 445 2712 clauso
457 2663 608 2712 ventorum
621 2673 734 2714 caruere
746 2664 855 2733 regnet.

210 2755 257 2813 Sic
269 2755 324 2825 ait;
346 2764 385 2825 et,
404 2756 481 2814 dieto
493 2756 587 2825 citius,
608 2757 721 2815 tumida
734 2777 848 2834 [equora
858 2754 902 2834 pl!

171 2857 379 2933 Conlettasque
390 2858 474 2935 sugat
487 2860 585 2927 nubes,
606 2858 754 2935 solemque
765 2859 880 2920 reducit

171 2959 343 3036 Cymothoe¹
363 2960 445 3018 fimul
458 2969 488 3018 et
500 2961 603 3021 Triton
615 2962 749 3035 adnixus,
768 2974 852 3024 acuto

170 3060 338 3120 Detrudunt
351 3062 431 3121 navis
443 3062 575 3139 scopulo:
597 3063 676 3122 levat
687 3064 748 3141 ipse
761 3063 887 3133 tridenti}

169 3164 209 3223 Et
218 3164 309 3223 'vastas
322 3165 411 3243 aperit
424 3165 522 3243 Syrtin,
542 3175 573 3224 et
586 3175 727 3243 temperat
739 3187 849 3244 aequor3

169 3266 270 3342 Atque
281 3266 352 3324 rotis
363 3266 487 3326 summas
499 3268 611 3328 levibus
620 3270 780 3345 perlabitur
791 3270 881 3330 undu

166 3368 226 3443 Ac,
248 3369 344 3430 veluti
354 3369 512 3447 magnoin
520 3370 810 3447 pertemere*
819 3377 901 3434 oeoetr
