2250 4050
233 477 272 536 so
465 475 796 545 anonumum,
946 436 1025 546 'aro

233 636 350 712 Semper
361 633 441 693 enim
453 635 550 705 refice;
573 654 616 703 nc,
629 653 666 692 ne
678 635 740 712 post
753 633 854 693 amitis
866 632 997 711 requiras,

233 737 389 807 Anteveni,
409 745 440 795 et
456 737 586 797 subolem
598 745 728 796 armento
741 736 842 794 sortire
854 744 927 813 quot
941 731 1019 792 annis.

272 840 337 897 Nec
350 859 409 897 non
422 848 451 897 et
463 841 559 918 pecori
573 840 613 897 est
626 840 704 897 idem
716 839 839 897 diledtus
851 837 968 915 equino·

233 944 281 1000 Tu
293 943 389 1010 modo,
408 926 480 1018 quos
492 942 524 1000 in
537 942 617 1019 spem
630 942 732 1000 statues
745 941 917 999 submittere
930 935 1013 1016 gentil

234 1044 411 1122 Praecipuum
420 1042 482 1121 jam
495 1045 564 1103 iude
577 1064 593 1103 a
607 1045 711 1102 teneris
723 1044 852 1121 inpende
863 1044 987 1101 laborem

233 1146 381 1205 Continuo
393 1147 502 1223 pecoris
517 1147 644 1224 generosr
655 1147 751 1224 pullus
763 1146 795 1204 in
808 1146 884 1204 arvis

233 1249 330 1308 Altius
342 1249 511 1326 ingreditur,
531 1259 561 1307 et
573 1249 671 1307 mollia
684 1268 767 1308 crura
780 1247 905 1327 reponit.

233 1352 345 1411 Primus
356 1362 386 1409 et
399 1352 440 1410 ire
454 1353 542 1422 viam,
561 1362 591 1410 et
605 1352 707 1410 fluvios
720 1360 833 1410 tentare
845 1333 964 1410 minaces

234 1457 342 1526 Audet,
360 1464 390 1513 et
402 1456 503 1532 ignoto
517 1455 573 1514 sese
586 1455 756 1514 conmittere
767 1455 851 1532 ponti
855 1480 864 1527 3

233 1561 299 1619 Nec
311 1579 397 1621 vanos
410 1560 508 1617 horret
521 1559 660 1636 strepitus.
700 1557 748 1614 Illi
762 1559 851 1616 ardua
864 1556 963 1622 cervix,

233 1666 438 1740 Argutumque
450 1670 545 1738 caput,
565 1661 659 1719 brevis
671 1661 761 1729 alvus,
780 1661 920 1738 obesaque
933 1668 1006 1732 terget

234 1766 432 1842 Luxuriatque
445 1765 514 1822 toris
528 1763 688 1821 animosum
701 1764 807 1840 pestus.
849 1759 962 1821 Honesti

234 1869 376 1946 Spadices,
396 1867 564 1945 glaucique:
586 1867 664 1924 color
677 1865 845 1943 deterrimus
857 1865 937 1935 albis,

234 1974 272 2031 Et
285 1972 372 2051 gilvo.
400 1971 489 2041 Tum,
503 1971 590 2047 siqua
604 1970 704 2028 sonum
716 1969 816 2047 procul
830 1988 909 2028 arma
919 1965 1005 2027 dedere,

134 2142 144 2161 ι
235 2078 314 2133 Stare
326 2075 390 2132 loco
403 2073 507 2145 nescit3
530 2072 619 2131 micat
633 2073 757 2144 auribus,
778 2082 809 2131 et
822 2072 921 2131 tremit
937 2077 1005 2130 artuu

234 2176 462 2252 Conlestumque
481 2177 605 2234 fremens
617 2174 773 2234 volvitsub
786 2177 903 2234 naribus
915 2174 1004 2251 ignfflss

234 2279 329 2339 Densa
339 2278 420 2356 juba,
440 2289 470 2338 et
483 2281 584 2337 dextro
593 2278 698 2357 justam
712 2280 854 2337 recumbit
867 2280 898 2337 in
910 2293 983 2337 armo·

129 2423 135 2432 ·
233 2387 276 2442 At
289 2385 396 2461 duplex
409 2383 505 2459 agitur
517 2402 567 2459 per
580 2364 692 2439 lumbos
704 2380 798 2459 spina3
819 2391 954 2457 cavatque

232 2488 390 2554 Tellurem,
410 2496 440 2543 et
452 2485 542 2543 solido
556 2486 682 2562 graviter
693 2485 774 2543 sonat
786 2486 897 2561 ungula
909 2495 989 2543 cornu·

232 2590 321 2656 Talis,
341 2588 484 2666 Amyclaei
497 2588 622 2647 domitus
636 2587 757 2646 Pollucis
770 2587 900 2657 habenis,

233 2694 374 2771 Cyllarus,
395 2701 433 2760 et,
447 2710 569 2768 quorum
582 2691 663 2748 Graii
676 2690 833 2749 meminere
847 2693 944 2769 poitae,

233 2796 337 2857 Martis
351 2795 419 2872 equi
432 2794 551 2872 bijuges,
571 2802 601 2851 et
613 2792 713 2870 magni
725 2812 824 2851 currus
838 2791 955 2852 Achilli.

231 2901 312 2959 Talis
326 2909 355 2957 et
368 2898 428 2976 ipse
437 2896 537 2975 jubam
551 2897 661 2955 cervice
673 2895 798 2953 effundit
810 2897 924 2972 equini,

233 3003 372 3081 conjugis
385 3003 509 3059 adventu
523 2999 634 3076 pernix,
655 3001 800 3068 Summus,
821 3008 852 3057 et
865 3000 953 3058 altum

234 3107 331 3163 Pelion
346 3104 463 3162 hinnitu
477 3104 592 3180 fugiens
604 3101 726 3178 inplevit
740 3112 832 3161 acuto.

271 3209 359 3265 Hunc
378 3226 501 3283 quoque,
521 3205 573 3263 ubi
592 3214 642 3263 aut
660 3207 760 3262 morbo
781 3205 885 3281 gravis,
904 3211 952 3263 aut
963 3194 1007 3276 jam

350 3310 461 3386 segnior
474 3310 567 3376 arinis,

224 3414 347 3488 Deficit,
369 3414 443 3475 abde
458 3414 566 3486 domo,
581 3429 639 3469 nec
648 3410 856 3487 turpiignosce
866 3410 980 3471 senene
