2250 4050
405 443 408 447 ’
445 440 654 492 NOTULAE.

141 592 208 629 tuma
218 580 298 643 frigora
307 581 406 633 tolerarit
416 584 439 633 in
449 586 489 634 hac
498 585 584 646 glaciali
595 583 695 646 regione!
716 577 801 631 Paritdr
810 580 868 630 idem
879 582 948 641 Naso,

141 672 212 718 Phill·
224 673 251 720 ad
261 675 329 720 Deru.
340 689 367 721 aa
370 691 392 738 3.

271 763 322 810 Sive
331 763 366 811 die
378 764 464 811 laxatur
473 763 564 822 humus,
580 765 616 811 seu
628 761 730 824 ‘frigida’
741 763 817 809 lucent

303 851 394 900 ‘Sidera
402 853 419 900 ι’

141 947 167 984 ut
178 937 237 984 idem
246 953 274 985 ex
284 939 348 987 Pont
359 943 392 988 iv.
407 954 448 988 ιο.
459 954 500 1001 40.

269 1028 372 1076 Proxima
382 1030 433 1078 sunt
442 1030 503 1077 nobis
514 1030 604 1093 plaustri
613 1027 714 1077 ducentia
724 1026 830 1088 sunnam,

301 1119 331 1165 Et
340 1134 390 1180 quae
401 1130 529 1182 perpetuum
543 1120 627 1167 ‘fidere
637 1118 717 1179 frigus’
729 1118 817 1191 habent.

140 1201 190 1249 Nec
199 1214 333 1267 opportunus
344 1223 388 1254 uon
399 1209 429 1255 est
441 1209 576 1272 Propertius,
592 1208 611 1255 i.
629 1209 668 1255 16.
676 1220 717 1268 23.
757 1227 765 1234 ·

270 1295 311 1341 Me
321 1296 399 1343 mediae
409 1297 491 1355 nodles,
508 1312 546 1344 me
555 1302 565 1330 ὅ
571 1296 652 1344 fidera'
663 1310 730 1358 prona
737 1295 858 1358 jacentem,
916 1295 918 1299 ’

300 1385 458 1448 ‘Frigidaque’
469 1388 516 1435 Eoo
526 1403 564 1434 me
574 1387 647 1433 ‘dolat
657 1387 725 1434 aura'
735 1388 798 1447 gelu:

138 1468 193 1518 srcdt
203 1470 317 1532 ingenium
326 1490 412 1537 quoque
422 1477 522 1522 nostrum
533 1475 661 1538 reposuerat.
692 1475 794 1523 Valerius
804 1475 904 1534 Flaccus,
916 1476 940 1522 ii.

144 1573 198 1619 ¹71·

271 1683 278 1695 .
295 1683 302 1697 .
319 1683 327 1698 .
344 1685 351 1698 .
366 1652 517 1712 adglomerant
526 1653 577 1710 sese,
594 1650 699 1716 nudisque
711 1652 768 1700 ‘sub
777 1653 846 1701 allrla'

267 1739 386 1788 Condensae
397 1739 462 1788 fletus
471 1750 561 1788 acuunt.

138 1826 261 1890 Olympius
270 1828 424 1887 Nemesianus,
439 1829 465 1875 de
475 1830 534 1876 laud.
544 1830 611 1876 Herc.
623 1842 663 1890 73.
677 1827 776 1889 venustd,
792 1841 818 1877 et·
829 1826 939 1893 appoliti:

265 1947 490 1964 ..........
508 1920 516 1948 ‘
524 1917 656 1982 noctemque
665 1918 704 1965 sub
714 1918 776 1966 astris

268 2004 377 2065 ‘brigia'
391 2013 414 2054 et
423 2020 502 2068 puram
513 2005 587 2055 fradlis
598 2006 654 2055 bibis
663 2008 765 2056 amnibus
774 2006 868 2056 undam.

136 2093 281 2152 Claudianus,
296 2094 320 2140 in
331 2094 397 2157 prim.
407 2111 466 2142 cons.
479 2095 530 2143 Stil.
543 2096 558 2142 i.
572 2107 625 2143 aaa.

269 2213 472 2231 .........
488 2181 574 2246 quoties
583 2184 622 2231 sub
632 2184 724 2247 pellibus
733 2185 778 2245 egit

264 2273 350 2319 Edonas
360 2273 459 2335 hyemes,
475 2283 498 2321 et
509 2274 566 2321 tardi
579 2274 662 2335 ‘flagra
671 2275 759 2321 Bootae'

267 2365 276 2392 ‘
285 2361 331 2406 Sub
339 2360 389 2408 dio'
401 2362 495 2425 Rhipaea
504 2362 570 2409 tulit:

135 2445 167 2495 iti
178 2447 243 2509 legas,
260 2463 297 2495 me
306 2448 432 2511 impulsore.
463 2452 493 2497 Et
503 2448 534 2498 iri
544 2449 740 2513 postmodumvidi
755 2468 828 2499 unum
838 2452 890 2500 dare
900 2469 939 2501 co·

133 2537 214 2584 dicem.
246 2537 316 2585 Recte
327 2537 407 2586 scilicet
416 2540 455 2586 suo
464 2539 575 2586 ‘verbere’
586 2540 719 2588 instrudlum
734 2541 886 2589 ‘bubulcum'
896 2557 939 2590 ex-

133 2626 207 2673 hibuit
217 2625 290 2689 po'eta·
310 2628 375 2674 Nihil
386 2628 438 2675 novi
449 2628 575 2689 elegantius.
600 2629 673 2676 Adeas
682 2626 750 2677 etiim
761 2630 870 2690 nostrum,
879 2630 938 2679 AEn·

132 2715 182 2763 viii.
202 2715 242 2763 28.
264 2724 286 2762 et
301 2716 395 2764 eundem
412 2717 571 2775 Claudianum,
588 2718 645 2781 epig.
655 2719 717 2766 xxiv.
731 2732 758 2766 a·
781 2720 850 2767 silim
865 2718 939 2784 porrd,

133 2819 172 2851 xv.
192 2818 246 2864 109.

264 2893 374 2940 stramine
384 2892 492 2956 projedlus
502 2894 557 2941 duro
567 2896 648 2958 patiere
659 2900 668 2928 ‘
678 2896 717 2942 sub
726 2896 799 2943 astria'

263 2982 376 3029 lnsomnes
387 2982 470 3030 nuclea.

134 3072 175 3119 Sed
184 3070 326 3133 undequaque
336 3071 413 3118 similis
422 3072 453 3117 est
464 3070 540 3117 Ovidii
551 3071 620 3127 locus,
636 3081 693 3119 met·
703 3072 733 3119 iv.
751 3084 807 3135 259.

262 3159 346 3207 Tabuit
355 3173 382 3205 ex
394 3158 441 3216 illo,
457 3156 571 3206 dementit
578 3160 689 3206 amoribus
699 3161 745 3218 usa,

264 3247 423 3311 Nympharum
434 3246 564 3310 impatiense
581 3256 605 3295 et
614 3254 623 3281 ‘
633 3247 672 3294 sub
679 3248 744 3312 Jove,
755 3248 819 3297 node
828 3249 921 3314 dieque,'

264 3338 324 3386 Sedit
333 3338 404 3386 humo
414 3332 484 3394 nudd,
500 3336 565 3385 nudis
574 3336 778 3401 incomta-opinio,
