2250 4050
153 457 263 524 mys.
444 488 447 492 ·
476 448 577 511 ΜΒ.
616 453 642 510 1.
672 462 677 472 ·
918 454 959 522 ορ

153 607 229 686 ilisa
240 608 295 667 sub
307 601 461 666 obscurum
472 607 565 667 noblis
569 627 578 681 3
599 606 779 686 pecudesque
790 607 927 684 loquuta,

158 710 330 769 Infandum!
360 710 460 768 srstunt
475 730 582 782 amnes,
603 720 740 787 uuaeque
753 709 918 780 dehiseunt;

158 814 196 872 Et
213 813 346 872 maestum
364 812 530 873 inlacrimat
548 813 663 890 templis
681 814 760 881 ebur,
780 831 893 889 seraque
911 809 958 870 sul

213 969 216 977 ,
235 916 316 975 dant.

158 1019 279 1090 Proluit,
296 1018 399 1077 insano
410 1027 602 1096 contorquem
613 1017 730 1089 vertice,
750 1018 833 1077 silvas

156 1121 391 1199 fluriomm'rex
403 1121 553 1189 Eridanus,
572 1139 743 1198 camposque
753 1139 805 1199 per
817 1119 911 1178 omnis

157 1224 233 1282 Cum
248 1222 364 1281 stabulis
377 1231 505 1281 armenta
518 1221 596 1281 tulit.
636 1223 701 1281 Nee
715 1233 843 1301 ternpore
855 1223 958 1284 eodem

155 1325 299 1385 Tristibus
309 1334 362 1383 aut
373 1324 449 1383 extis
461 1324 541 1382 fibrae
553 1326 688 1402 adparere
700 1325 833 1394 minaces,

155 1431 221 1486 Aut
233 1427 328 1505 puteis
340 1445 457 1486 manare
469 1442 552 1486 emor
564 1427 694 1499 cellarit3
713 1437 744 1485 et
756 1429 821 1486 alm
863 1493 868 1505 p

155 1534 209 1610 Ppr
223 1531 340 1589 nostem
351 1529 490 1600 resonare,
501 1529 585 1607 lupis
597 1528 782 1601 ululantibus,
794 1533 887 1589 urbes.

156 1636 229 1701 Non
241 1634 313 1695 alias
325 1633 398 1695 coelo
410 1632 574 1700 ceciderunt
586 1632 667 1708 plura
680 1632 778 1691 sereno
800 1670 803 1675 »

156 1739 300 1814 Fulgura3
321 1754 375 1793 nec
386 1734 441 1792 diri
455 1733 537 1791 toties
550 1733 640 1792 arsere
653 1743 780 1792 cometa.

155 1842 236 1917 Ergo
248 1840 326 1897 inter
338 1836 397 1895 sese
408 1837 523 1913 paribus
535 1854 702 1894 concurrere
715 1837 779 1894 telis

156 1944 304 2000 Romanas
317 1939 391 1997 acies
404 1937 509 1996 iterum
524 1938 622 1996 videre
635 1937 777 2016 Philippi:

156 2048 225 2104 Nec
237 2044 296 2103 fuit
309 2043 463 2119 indignum
476 2040 592 2119 superis,
611 2042 655 2100 bis
667 2043 805 2120 sanguine
819 2046 910 2104 nostro

156 2147 325 2207 Emathiam
339 2155 369 2203 et
381 2146 452 2203 latos
464 2144 561 2202 Haemi
574 2144 757 2222 pinguescere
770 2167 890 2226 campos.

158 2245 289 2311 Scilicet!
311 2250 350 2307 Et
362 2257 475 2325 tempus
487 2246 593 2317 veniet,
612 2267 703 2323 quum
715 2250 821 2309 finibus
833 2234 891 2310 illis

158 2353 308 2432 Agricola,
329 2351 448 2409 incurvo
460 2361 565 2409 terram
577 2351 693 2410 molitus
705 2362 807 2427 aratro,

159 2456 251 2516 Exesa
264 2454 393 2513 inveniet
407 2452 502 2512 scabri
515 2452 646 2530 robigine
658 2454 727 2531 pila,

159 2563 224 2618 Aut
236 2559 372 2637 gravibus
386 2555 477 2637 rastris
490 2555 584 2631 galeas
595 2556 720 2632 pulsabit
732 2557 834 2629 inanis,

160 2663 346 2737 Grandiaque
358 2659 460 2718 effoffis
474 2659 626 2717 mirabitur
638 2659 694 2718 offa
707 2661 850 2740 sepulcris.

199 2767 239 2825 Di
252 2764 338 2843 patrii
352 2763 506 2841 Indigetes,
520 2773 550 2821 et
560 2764 692 2833 Romule,
702 2764 843 2842 Vestaque
855 2777 967 2844 mater,⁴

162 2870 238 2928 Quae
249 2865 379 2926 Tuscum
390 2865 517 2924 Tiberim
531 2874 561 2922 et
575 2866 704 2924 Romana
715 2868 823 2926 Palatia
836 2868 936 2941 servas,

161 2971 250 3029 Hunc
262 2970 362 3028 saltem
374 2966 470 3027 everso
479 2966 618 3044 juvenem
631 2968 793 3027 succurrere
805 2969 887 3029 saeclo

163 3074 210 3132 Ne
222 3073 385 3153 prohibete!
408 3072 479 3130 Satis
488 3068 550 3147 jam
561 3071 674 3148 pridem
682 3072 821 3151 sanguine
834 3076 927 3134 nostro
1042 3063 1047 3076 ’

164 3177 382 3237 Laomedonteae
394 3175 500 3233 luimus
512 3172 636 3251 perjuria
647 3174 750 3253 Trojae.

162 3282 228 3357 Jam
240 3278 353 3357 pridem
365 3276 447 3335 nobis
459 3276 525 3334 coeli
539 3285 567 3333 te
580 3276 669 3353 regia,
689 3278 792 3350 Caesar,

166 3382 283 3449 Invidet,
291 3378 534 3455 arquebomiuum
541 3380 784 3458 queriturcurare
791 3384 978 3468 sriusupboss
