2250 4050
96 418 211 536 mm
385 463 510 522 irs.
550 464 605 525 111.
839 455 899 519 los

98 618 193 677 Addit
205 638 305 695 equos,
324 619 460 697 additque
472 620 573 678 duces:

100 721 268 799 Remigium
282 721 409 799 supplete
430 722 519 780 socios
532 719 615 779 simul
628 717 742 778 instruit
754 717 848 777 armis.
976 731 978 734 ·

138 825 253 881 Interea
266 824 381 882 classem
393 825 462 883 velia
479 833 577 900 aptare
586 821 705 899 jubebat

102 925 253 993 Anchises,
272 925 355 984 fieret
366 935 452 984 vento
463 944 542 984 mora
556 943 593 982 ue
606 944 662 1000 qua
675 923 779 983 serenti
783 949 793 995 3

103 1028 201 1085 Quem
214 1027 315 1085 Phoebi
329 1027 468 1105 interpres
481 1028 575 1086 multo
588 1027 731 1104 conpellat
741 1026 867 1085 honores.
894 1066 899 1073 -

103 1129 256 1207 conjugio,
276 1129 413 1199 Anchisa,
426 1130 546 1188 Veneris
559 1130 678 1205 dignate
690 1129 820 1207 superbo,

102 1233 176 1290 Cura
192 1232 290 1302 deum,
309 1231 353 1290 bis
367 1232 526 1310 Pergameis
538 1241 636 1309 erepte
648 1231 751 1301 ruinis,

101 1333 188 1392 Eccel
212 1333 268 1391 tibi
280 1333 417 1392 Ausoniae
429 1334 513 1392 tellus
517 1358 527 1406 ;
549 1331 736 1411 hanoadripe
748 1333 834 1394 velis:

100 1436 138 1494 Et
151 1435 339 1494 tameuhanc
350 1437 453 1514 pelago
465 1437 663 1514 preterlabare
675 1432 783 1496 ueceffe
796 1437 849 1494 est:

100 1537 241 1596 Ausoniae
252 1556 316 1615 pms
328 1538 378 1597 illa
390 1540 498 1615 procul,
518 1558 606 1615 quem
618 1538 720 1616 pandit
732 1537 848 1616 Apollo.

100 1641 193 1708 Vade,
213 1640 264 1708 ait,
284 1659 303 1697 o
315 1640 386 1698 felix
399 1640 460 1699 uati
472 1641 593 1718 pietate!
615 1641 686 1718 quid
698 1641 774 1700 ultro

100 1742 254 1810 Provehor,
274 1752 304 1800 et
315 1743 403 1800 sando
414 1742 554 1820 surgentis
567 1745 699 1802 demoror
710 1743 832 1802 auibus?

100 1844 168 1903 Nec
179 1843 276 1902 miuus
288 1845 499 1915 Andromache,
512 1845 634 1923 digressu
646 1846 745 1904 rnoesta
756 1846 896 1922 supremo,

101 1947 178 2016 Fert,
189 1947 350 2024 ,piduratas
362 1949 425 2006 auri
437 1948 608 2017 subtemine,
626 1947 718 2017 vestis,
760 1944 764 1952 '

101 2051 140 2109 Et
154 2050 308 2127 Phrygiam
321 2050 445 2109 Ascanio
461 2051 644 2128 chlamydem
648 2075 657 2123 3
678 2070 733 2111 uec
750 2050 828 2111 cedit
844 2052 898 2110 ho-

180 2171 259 2222 nore,
346 2200 348 2204 .
475 2195 477 2200 ι

101 2254 323 2330 Testilibusque
336 2254 539 2325 oneratdouis,
559 2274 593 2313 ac
605 2255 674 2314 talia
687 2257 782 2315 satius

101 2358 215 2434 Adcipe
235 2366 266 2414 et
285 2357 356 2428 haec,
386 2375 526 2415 manuum
547 2358 601 2416 tibi
623 2378 688 2436 quse
711 2366 898 2419 monumenta

178 2478 308 2517 mearum

103 2561 174 2633 Sint,
185 2580 271 2638 puer,
284 2573 314 2620 et
324 2563 445 2638 longum
452 2562 663 2623 Andromache
672 2563 809 2623 testentur
818 2582 898 2626 amo·

180 2682 251 2732 rem,
807 2679 809 2685 ’

103 2765 242 2844 Conjugis
254 2767 412 2826 Hedoreae.
452 2768 531 2845 Cape
544 2769 618 2826 dona
630 2776 758 2827 extrema
771 2778 896 2841 tuorum,

102 2868 131 2927 Ο
145 2869 218 2927 mihi
232 2869 289 2927 sola
302 2868 360 2927 mei
372 2870 456 2945 super
467 2870 645 2947 Astyanastis
658 2870 767 2949 imago!
819 2909 822 2916 ·

103 2972 149 3030 sic
162 2972 269 3043 oculos,
290 2973 328 3029 sic
340 2964 391 3031 ille
402 2992 511 3044 manus,
533 2974 571 3031 sic
583 2993 641 3044 ora,
661 2976 785 3035 serebatr

102 3074 140 3134 Et
153 3093 231 3133 nunc
243 3074 347 3150 aequali
359 3084 455 3134 tecum
468 3073 633 3151 pubesceret
644 3097 714 3136 sevo.

142 3178 204 3235 Hos
215 3196 271 3253 ego
283 3176 444 3253 digrediens
455 3177 581 3236 lacrimis
592 3179 711 3237 adfabar
722 3182 847 3241 obortis:

103 3280 319 3347 Viviteselicer,
338 3280 444 3354 quibus
455 3280 495 3364 esi
509 3280 631 3339 Fortuna
640 3274 756 3359 'peradisi

103 3383 168 3459 Jam
180 3382 242 3440 sua:
262 3380 381 3452 nonalia
394 3398 432 3439 ex
445 3381 509 3442 aliis
520 3381 553 3442 in
564 3382 627 3444 suta
637 3375 798 3445 uouemus·-
837 3365 839 3370 ¹
