2250 4050
216 452 276 519 270
475 438 759 512 numos,
909 438 1002 500 aua

218 600 273 658 Pro
285 617 352 675 quo,
372 598 394 655 fi
407 596 516 655 sceleris
528 605 609 655 tanta
621 594 663 653 est
675 594 781 673 injuria
794 597 891 668 nostri,

220 702 351 780 Spargite
364 720 411 759 me
423 701 455 758 in
467 701 580 769 fluetus,
599 699 735 775 vastoque
748 700 904 778 inmergite
915 707 1001 777 ponto:

222 807 250 864 Si
263 824 358 884 pereo,
379 805 532 862 hominum
543 803 677 861 manibus
690 803 804 880 periisse
811 803 932 881 juvabit.

220 910 356 968 Dixerat:
378 917 417 977 et,
430 926 523 984 genua
534 906 684 983 amplexus
691 901 875 984 'genibusque
882 909 1003 974 volutans,

222 1015 367 1072 Haerebat.
410 1012 472 1069 uui
485 1011 528 1079 stt,
547 1009 613 1079 sari,
633 1028 691 1084 quo
703 1009 845 1088 sanguino
857 1021 954 1078 cretus,

222 1117 397 1186 Hortamur,
417 1133 483 1189 quae
495 1113 599 1172 deinde
610 1113 702 1189 agitet
715 1114 851 1184 Fortuna,
872 1114 959 1173 fateri.

221 1218 286 1295 lpse
300 1226 380 1294 pater
392 1219 523 1276 dextram
534 1216 684 1284 Anchises,
693 1217 773 1275 baud
785 1218 878 1276 multa
888 1225 1004 1282 moratus,

223 1322 283 1380 Dat
292 1320 392 1398 juveni
401 1346 410 1394 5
431 1330 519 1396 atque
535 1320 666 1378 animum
685 1319 821 1396 prasenti
838 1321 956 1398 pignore
966 1319 1004 1377 fir·

299 1433 369 1482 mat.

223 1529 278 1588 Ille
290 1528 362 1596 haec,
382 1527 507 1604 depositi
521 1528 638 1586 tandem
649 1528 814 1596 formidine,
834 1529 929 1587 fatur:

264 1635 332 1690 Sum
344 1631 436 1708 patrib
450 1651 486 1689 ex
500 1631 608 1700 Ithacl,
628 1650 721 1689 comes
736 1631 865 1690 infelicis
877 1632 966 1701 Ulixi,

224 1736 341 1795 Nomen
354 1734 580 1806 Achemenides3
594 1733 710 1811 Trojam
723 1735 857 1812 genitore
868 1734 1006 1795 Adamasto

223 1840 350 1916 Paupere
369 1838 582 1916 (manfissetque
599 1839 713 1897 utinam
733 1839 859 1899 Fortuna
869 1840 892 1916 l)
912 1839 1007 1917 prosoc-

300 1952 355 2000 tus.

223 2047 283 2106 Hic
296 2065 352 2115 me,
372 2048 443 2105 dum
455 2047 559 2123 trepidi
572 2046 697 2106 crudelia
709 2046 813 2106 limina
824 2047 968 2126 linquunt,

223 2152 398 2209 Inmemores
411 2150 480 2208 socii
492 2151 570 2208 vasto
582 2143 717 2229 Cyclopis
728 2151 760 2210 in
775 2162 859 2210 antro
918 2146 921 2151 ’

222 2255 389 2313 Deseruere.
429 2255 541 2312 Domus
553 2254 630 2314 sanie
643 2254 822 2331 dapibusque
835 2256 968 2324 cruentis,

222 2358 303 2415 Intus
315 2376 412 2434 opaca,
425 2356 541 2434 ingens:
562 2358 622 2435 ipse
634 2359 747 2427 arduus,
768 2359 885 2435 altaque
897 2359 986 2438 pulsat

223 2461 329 2530 Sidera,
350 2460 413 2538 (Di,
433 2461 520 2518 talem
532 2461 613 2519 terris
625 2462 745 2520 avertite
756 2462 864 2538 pestem
872 2465 896 2537 l)

222 2564 287 2621 Nec
300 2564 362 2622 visu
376 2563 477 2633 facilis,
497 2583 551 2622 nec
564 2564 643 2623 diua
656 2564 787 2624 adfabilis
799 2566 869 2624 ulli:

220 2667 383 2725 Visceribus
396 2667 573 2736 miserorum,
593 2679 623 2726 et
635 2668 774 2745 sauguine
783 2669 911 2728 rescitur
922 2678 989 2729 atro.

220 2771 289 2831 Vidi
304 2782 427 2850 egomet,
441 2774 498 2830 duo
508 2773 544 2830 de
555 2791 674 2830 numero
684 2791 774 2848 quum
787 2792 907 2850 corpora
918 2775 1008 2839 nostro,

220 2876 322 2935 Prensa
336 2895 423 2934 manu
435 2876 548 2952 magns,
569 2875 665 2933 medio
681 2875 830 2951 resupinus
842 2876 874 2934 in
888 2888 978 2945 antro,

220 2978 375 3057 Frangeret
389 2980 424 3037 ad
438 2980 547 3050 saxum,
569 2979 702 3054 sanieque
713 2977 843 3055 exspersa
856 2988 986 3039 natarent

218 3082 349 3140 Limina:
370 3082 431 3139 vidi
444 3092 505 3141 atro
517 3101 609 3159 quum
621 3084 749 3140 membra
762 3082 885 3142 fluentia
898 3086 964 3143 tabo

218 3185 380 3254 Manderet,
399 3197 430 3243 et
443 3186 533 3263 tepidi
546 3195 702 3244 tremerent
718 3186 772 3244 sub
783 3187 920 3246 dentibus
930 3196 1006 3246 artru.

218 3287 306 3344 Haud
319 3287 427 3363 inpune
439 3290 555 3364 quidem
562 3315 570 3360 3
593 3309 647 3347 nec
660 3289 728 3347 talla
741 3288 834 3366 passus
847 3291 957 3360 IJlixes,

217 3388 369 3447 Oblitusve
382 3391 426 3449 sui
438 3392 478 3449 est
490 3393 606 3452 Ithacus
619 3392 783 3453 discrimine
797 3402 888 3455 tauto.
