2250 4050
223 449 283 504 2³2
491 442 774 513 AENEIDOS,
910 446 996 502 nith

223 597 399 659 Dardanide
410 607 510 659 eontra
524 601 617 668 turris,
637 619 671 660 ac
683 602 759 659 testa
771 601 918 661 domorum

225 700 372 772 Culmina,
392 703 571 762 convelltmt:
593 702 638 761 his
656 703 696 772 se,
716 704 833 780 quando
849 700 941 759 ultima
953 713 997 755 cer·

303 811 388 874 nunt,
833 785 837 792 ’

225 905 364 964 Extremi
371 903 435 982 jam
447 906 481 983 iu
491 915 584 967 morte
595 917 700 986 parant
712 907 866 965 defendere
878 904 946 963 telis:

225 1009 409 1083 Auratasque
422 1010 525 1078 trahes,
538 1019 668 1067 veterum
679 1011 784 1067 decora
796 1009 853 1066 alta
865 1012 997 1085 paratu.

225 1111 408 1170 Devolvunt:
429 1112 481 1173 alii
493 1113 593 1173 uiuis
606 1113 792 1173 mucronibus
803 1112 876 1171 imas

225 1211 371 1271 Obsedere
384 1213 473 1285 sores;
494 1214 546 1275 has
558 1215 668 1274 servant
682 1214 800 1292 agmine
813 1213 908 1273 denso.

225 1314 380 1399 Instaurati
393 1315 494 1394 animi,
512 1317 589 1397 regis
601 1317 764 1377 succurrere
777 1316 868 1385 testis,

225 1415 407 1493 Auxilioque
418 1418 513 1480 levare
525 1419 610 1490 viros,
629 1419 746 1494 vimque
759 1419 864 1477 addere
878 1415 957 1475 vittis.

265 1520 369 1580 Limen
382 1528 453 1589 erat,
472 1528 613 1598 c'aecaeque
626 1522 710 1592 fores,
730 1529 763 1578 et
774 1522 888 1597 pervius
900 1518 958 1577 usus

226 1623 380 1687 ‘rectorum
392 1623 469 1683 inter
480 1623 510 1683 se
519 1623 637 1694 Priami,
657 1623 805 1700 postesque
817 1622 909 1683 relius

226 1725 258 1801 A
271 1733 368 1802 tergo:
389 1724 493 1787 infelix
504 1726 562 1802 qui
579 1725 618 1795 se,
638 1726 709 1783 dum
721 1745 811 1802 regna
823 1726 972 1789 manebant¹

228 1828 336 1904 Saepius
348 1828 550 1888 Andromache
562 1828 637 1887 ferre
649 1827 818 1887 incomitata
830 1828 933 1893 solebat

227 1929 276 1990 Ad
290 1928 408 1998 soceros,
427 1937 457 1989 et
470 1949 522 1988 avo
534 1949 657 2007 puerum
667 1931 841 2008 Astyanacta
855 1930 976 1996 trahebat

229 2032 327 2093 Evado
340 2033 375 2090 ad
388 2032 492 2091 summi
505 2033 619 2109 fastigia
631 2033 783 2105 culminis3
804 2036 883 2097 undo

227 2134 299 2196 Tela
312 2137 401 2194 manu
412 2135 509 2194 miseri
517 2135 664 2213 jauabant
675 2135 764 2196 inrita
776 2136 893 2198 Teucri.

227 2236 345 2299 Turrim
359 2237 389 2294 in
403 2238 543 2315 praecipiti
556 2238 686 2307 stantem,
705 2238 882 2315 summisque
894 2229 1000 2298 subtus

227 2338 369 2399 Eductam
382 2339 472 2407 tediis,
492 2323 569 2398 uride
581 2340 675 2401 omnis
686 2339 773 2417 Troja
786 2340 876 2400 videri

225 2442 264 2501 Et
276 2441 412 2502 Danaum
422 2441 511 2504 solitae
522 2461 608 2501 naves
620 2453 651 2500 et
664 2443 777 2503 Achaia
790 2444 889 2512 eastra,

227 2543 360 2620 Adgresfi
373 2545 449 2622 ferro
461 2545 581 2615 circum,
600 2545 657 2622 qui
669 2544 781 2607 summa
795 2544 917 2612 labantis

228 2646 380 2723 Jundturas
393 2648 521 2706 tabulata
534 2648 650 2717 dabant,
669 2647 859 2712 convellimus
871 2646 933 2707 altis

228 2748 357 2818 Sedibus,
370 2748 598 2826 inpulimusque:
620 2768 664 2820 es,
676 2749 754 2811 labsa
765 2759 895 2831 repente,
907 2746 1000 2806 ruina

227 2851 305 2909 Cum
318 2851 414 2911 sonitu
428 2851 531 2923 trahit3
554 2861 585 2909 et
597 2853 733 2920 Danaum
746 2851 829 2933 super
841 2852 953 2929 agmina
961 2846 1004 2908 lue

227 2952 353 3012 Incidit:
376 2953 415 3011 ast
427 2952 478 3012 alii
491 2953 627 3011 subeunt:
650 2971 704 3012 nec
717 2952 795 3024 saxa,
813 2972 868 3016 noc
879 2954 966 3018 ulum

228 3053 367 3112 Telorum
380 3055 488 3114 interea
501 3055 587 3113 cessat
599 3072 698 3131 genus.

265 3156 450 3221 Vestibulum
470 3167 537 3215 ante
560 3156 665 3234 ipsum,
691 3157 844 3236 primoque
863 3159 895 3220 in
915 3151 1006 3222 lfmtee,

344 3258 467 3335 Pyrrhus

225 3358 368 3433 Exsultat,
389 3360 454 3431 telis
466 3369 496 3449 et
506 3360 572 3433 luce
583 3358 714 3450 coruscus
726 3362 815 3428 adndr
