2250 4050
119 440 147 485 7.
160 427 236 495 378σ
431 417 628 481 CULEX.
874 429 928 485 141

126 579 179 639 Sed
191 575 392 637 tolerabilibus
405 574 481 634 curia
493 575 556 633 haic
568 574 712 634 inmemor
723 575 819 636 audiet

130 681 203 745 Qum
216 692 317 741 tamen
328 690 364 739 ut
375 679 455 739 vanis
468 679 618 739 dimittens
630 678 727 739 omnia
740 681 843 752 ventia,

132 783 291 863 Digredior,
313 803 462 861 nunquam
475 783 618 845 rediturus
623 808 632 856 3
653 793 687 843 tu
698 783 761 843 cole
773 784 871 856 fontia,

135 887 276 949 Etviridis
289 907 442 948 nemorum
454 887 547 958 tilvar,
567 895 598 945 et
609 885 723 964 pascua,
741 888 840 949 laetua:

139 990 170 1053 Et
180 1012 243 1052 mea
254 992 374 1053 diffusas
386 993 533 1069 rapiantur
545 991 622 1051 dina
635 1011 686 1069 per
698 1012 790 1054 auran.

142 1092 213 1156 Dixit
219 1122 228 1170 3
247 1108 279 1157 et
291 1097 423 1157 extremi
436 1095 521 1155 nistir
533 1115 603 1155 cum
614 1114 683 1155 voce
696 1097 816 1157 recellit.

173 1201 256 1261 Hunc
268 1202 322 1261 ubi
336 1201 493 1260 sollicitum
505 1200 614 1260 dimisit
626 1200 728 1260 inertia
741 1202 817 1272 vitae,
919 1256 922 1263 .

147 1299 252 1389 Interim
264 1305 395 1384 graditur
407 1314 536 1365 mentem
547 1324 633 1382 aeger,
653 1324 706 1364 nec
719 1306 788 1365 tulit
797 1307 884 1380 ultra,

150 1404 259 1468 Sensibus
271 1409 410 1480 infusum,
429 1407 538 1471 Culicis
550 1409 587 1466 de
598 1418 693 1468 morte
705 1410 841 1471 dolorem.
898 1465 900 1470 .
918 1466 920 1471 .

152 1507 408 1589 Quantumcumque
421 1512 473 1570 sibi
485 1512 560 1572 vires
573 1511 698 1571 tribuere
711 1512 819 1584 seniles,

89 1648 91 1689 :
153 1610 210 1675 Quis
221 1628 316 1677 tamen
329 1616 466 1675 infestum
477 1634 609 1693 pugnans
622 1615 765 1675 devicerat
776 1616 894 1690 hostem,

89 1716 95 1797 ᾗ
153 1710 237 1779 Rivum
248 1731 364 1800 propter
376 1740 467 1797 aquae,
479 1719 567 1778 viridi
579 1718 631 1777 sub
643 1719 745 1779 fronde
757 1721 896 1781 latentem

89 1818 95 1915 Ι
153 1814 646 1901 Consonnarelocumcapitinpiger:
661 1824 740 1882 hunc
749 1834 779 1882 et
789 1826 819 1882 in
829 1827 927 1887 orbem

89 1920 96 2025 Ι
152 1913 268 1998 Destinat,
289 1948 324 1987 ac
337 1928 406 1986 ferri
418 1927 554 2004 capulum
567 1927 700 2004 repetivit
711 1927 744 1985 in
755 1928 848 2002 usum,

89 2029 96 2124 ζ
153 2019 316 2092 Gramineam
328 2041 363 2091 ut
374 2032 459 2093 viridi
472 2032 584 2090 foderet
596 2032 632 2090 de
645 2031 751 2109 cespite
764 2043 880 2096 terram.

90 2135 93 2144 “
152 2121 201 2197 Jun
210 2154 316 2196 memor
326 2136 474 2214 inceptum
485 2153 625 2214 peragens
635 2134 688 2193 fibi
700 2155 768 2194 cura
781 2137 909 2198 laborem

153 2226 305 2316 congestum
317 2239 478 2299 cumulavit
490 2259 570 2316 opus,
584 2249 671 2315 atque
682 2258 787 2317 aggere
796 2241 889 2300 multo

89 2333 94 2420 ξ
152 2326 254 2403 Telluris
266 2344 396 2402 tumulus
408 2344 563 2401 formatum
576 2343 836 2403 crevitinorbem:

90 2431 99 2518 Γ,
154 2433 231 2505 Quem
242 2448 354 2506 circum
366 2446 502 2523 lapidem,
514 2447 584 2505 laevi
596 2447 633 2505 de
641 2466 782 2506 marmore
795 2448 930 2521 formans,

90 2541 95 2550 '
153 2535 271 2620 conserit,
292 2550 495 2608 affiduaecurae
508 2568 629 2609 memor.
667 2551 726 2609 Hic
739 2560 770 2608 et
781 2553 929 2626 acanthus,

152 2635 181 2700 Et
189 2653 241 2712 rosa
253 2672 396 2731 purpureo
408 2653 508 2711 crescit
519 2653 679 2713 rubicunda
692 2655 795 2726 colore,

90 2785 93 2812 :
152 2738 181 2803 Εῑ
190 2754 266 2815 violae
279 2775 369 2834 genus
382 2776 467 2815 omne
480 2757 528 2816 hic
540 2760 590 2827 est,
609 2769 640 2816 et
652 2758 777 2835 Spartica
789 2769 911 2835 myrtus,

90 2853 93 2918 ξ
151 2845 433 2939 ltqueHyacinthus;
446 2871 476 2919 et
486 2861 534 2919 hic
542 2861 736 2921 Cilicicroeus
746 2862 840 2920 editur
850 2881 932 2936 arvoJ

90 2947 95 3018 Ῑ
151 2944 241 3022 Lturus
251 2964 323 3023 item
331 2963 432 3023 Pboebi
444 2965 560 3041 surgens
572 2966 657 3025 decus
662 2990 672 3037 3
690 2966 739 3024 hic
748 2966 929 3044 rhododaph-

212 3085 253 3138 ne,

151 3148 271 3245 Lilitque,
292 3180 323 3230 et
335 3171 405 3229 roris
418 3190 476 3229 non
489 3173 553 3231 avia
566 3150 634 3231 curu
646 3172 760 3243 marini,

90 3257 96 3330 ἶ
150 3249 284 3352 Herbaque
297 3277 369 3334 turis
381 3295 448 3353 oper
460 3276 559 3353 priscis
571 3276 685 3335 imitata
698 3276 812 3347 Sabina,

90 3383 96 3424 ἱ
151 3354 549 3456 ehpsanthusque,ederaeque
557 3380 643 3454 nitor,
651 3379 929 3457 pallentecorymbo,
