2250 4050
446 427 492 475 IN
523 428 770 480 VIRGILI'UM

209 570 353 628 Claudianus,
368 570 395 617 de
405 571 466 618 laud.
478 571 529 618 stit.
541 572 565 618 ii.
585 584 639 633 149.
661 613 664 618 .
712 614 715 621 ,
812 617 814 620 .
835 616 838 620 .

339 689 439 706 .....
455 675 525 722 neque
534 662 596 707 enim
606 661 714 720 negledtas
723 675 775 724 pate
784 661 885 708 uolones

338 747 404 793 Tunc
414 747 477 803 ditas,
493 747 545 794 crim
557 748 628 796 ‘bella
639 747 759 798 fremunt!

208 835 308 882 Sidonius
319 836 463 898 Apollinaris,
473 852 543 885 carm.
552 853 577 884 v.
593 852 638 884 ver.
648 835 705 883 262.
724 853 792 899 quem
803 838 827 884 in
837 838 928 886 tranfitu
936 851 1006 884 emeat⁴

184 928 189 939 '
206 923 314 970 «latiorem
323 925 422 972 dabimus
431 941 437 970 t

339 1044 537 1060 .........
554 1014 643 1061 tandem
653 1014 787 1076 prorumpit,
802 1025 825 1062 et
835 1030 906 1074 artua,

337 1106 347 1133 ⁴
353 1103 427 1148 Arma
436 1099 536 1159 fremitq'
553 1103 680 1165 pinguisque
691 1099 820 1151 etlimnunt
831 1103 934 1163 languine
943 1102 1005 1150 fertur

337 1190 429 1246 Lorica;
446 1189 533 1237 obnisu
543 1205 581 1251 per
597 1190 685 1237 barbata
694 1191 786 1240 vulnera
795 1202 887 1247 contus,

335 1278 414 1339 Atque
424 1281 432 1307 ‘
441 1277 518 1325 hebet’
531 1277 616 1324 affidnis
625 1277 725 1326 dentatus
733 1277 830 1326 adibus
839 1279 904 1326 entis.

206 1366 250 1414 Hit
266 1366 354 1412 accedat
368 1366 453 1426 elegans
469 1364 532 1429 poe'ta
543 1366 630 1414 Mariua
639 1366 727 1424 vietor,
743 1367 767 1414 in
778 1368 838 1414 Gen.
850 1367 875 1414 ii.
891 1380 947 1427 440.
963 1367 1007 1412 loco

206 1455 370 1505 venustiffimo:

337 1573 439 1591 .....
455 1541 587 1599 §fremere’
597 1559 651 1592 curn
661 1542 748 1590 verbere
759 1546 767 1574 ‘
776 1544 847 1591 szvo'

333 1633 425 1689 Pontus,
440 1643 463 1679 et
473 1632 537 1678 illisas
546 1643 696 1683 contemneret
706 1647 756 1678 arca
769 1633 881 1694 procellas.

239 1722 319 1780 Georg.
327 1721 353 1767 ii.
373 1736 420 1768 vet.
430 1734 472 1781 41.
498 1720 570 1768 Probo
580 1720 676 1767 ‘volens'
686 1719 838 1781 conjetturam
850 1737 935 1780 meam,
953 1721 1005 1768 olim

206 1813 233 1861 ad
248 1813 324 1859 locum
341 1811 481 1873 properium,
501 1811 550 1859 loco
566 1809 680 1868 ‘volans·'
696 1808 749 1856 erim
764 1810 821 1857 hanc
831 1811 950 1859 ltdiionem
960 1813 1008 1874 sup-

206 1902 287 1965 peditet
296 1897 364 1948 etiarn
376 1900 452 1957 codex,
468 1899 600 1961 probentque
611 1899 711 1946 Reilkius
720 1907 743 1944 et
754 1899 907 1948 Burmannus.

239 1992 293 2039 Ver.
308 1988 361 2051 13⁶.
387 1989 451 2037 Prior
461 1987 574 2044 Reisstius,
589 1987 623 2033 sed
634 1987 759 2046 mentitio,
775 1987 850 2035 vidit'
843 1984 876 2035 rta
886 1989 961 2037 lotum
970 1986 1007 2035 666

206 2079 391 2139 distinguendum.
423 2077 496 2125 Simili
507 2077 618 2124 venustate
629 2076 740 2135 Silius,
719 2092 765 2123 xlv
784 2090 840 2137 237·

333 2170 385 2235 Qo
395 2181 459 2212 mons
470 2160 556 2211 Sicanii
568 2179 613 2211 non
622 2164 689 2224 surgit
699 2164 781 2211 ‘ditior
791 2164 896 2211 urnbrael

206 2256 298 2315 Statius,
313 2255 384 2303 Theb.
396 2254 427 2301 xii
444 2252 499 2301 620.

335 2343 432 2389 ‘Dives'
443 2352 465 2388 et
475 2341 565 2401 Egaleos
575 2340 725 2391 ‘nemorum'

204 2432 315 2482 Manilius
324 2430 400 2478 autim
410 2432 529 2477 Maronem
539 2429 639 2475 nostrum
647 2424 719 2490 aperti
734 2428 835 2476 imitatus
850 2431 890 2490 est,
907 2435 940 2479 iv.
953 2442 1007 2492 754.

333 2522 363 2567 Et
374 2519 451 2567 molles
461 2518 555 2574 Arabas,
571 2516 691 2565 ‘filvarum
701 2517 768 2564 ditia'
782 2532 857 2578 regua.

236 2611 290 2657 Ver.
307 2622 361 2669 144.
387 2608 473 2657 ‘Lata'
506 2607 571 2654 Hanc
586 2605 762 2654 emendationem
776 2607 834 2654 olim
855 2610 1006 2673 proposuimus

203 2701 231 2747 ad
240 2700 325 2756 locum,
340 2709 362 2744 et
377 2697 516 2745 firmavimus
530 2696 645 2756 exemplis.
675 2694 746 2742 Nobis
755 2695 842 2742 videtur
859 2697 884 2744 in
894 2699 1006 2748 veriffimis

203 2789 308 2835 habenda.
343 2788 377 2833 Sic
387 2786 457 2831 noster
467 2784 523 2831 AEn.
536 2784 551 2830 i,
570 2796 627 2843 ης.

331 2875 456 2936 Litoraque,
471 2882 493 2919 et
504 2873 576 2919 ‘latos
586 2871 677 2932 populos
685 2871 701 2918 ι’

201 2981 270 3028 quam
280 2964 414 3011 locutionem
424 2962 453 3010 ab
459 2960 531 3009 Ennio
541 2970 658 3008 mutuatus
667 2961 706 3007 est.
731 2960 812 3021 Neque
821 2961 892 3009 obstat
903 2964 960 3011 AEn.
970 2964 1002 3011 iii.

202 3067 258 3101 220.

330 3139 417 3187 ‘Laeta’
429 3139 496 3185 boum
508 3136 611 3199 ‘puisun’
623 3137 709 3198 campis
718 3141 727 3169 ⁴
736 3139 849 3186 armenta’
861 3140 976 3200 videmus;

200 3232 229 3280 ob
239 3246 316 3278 vocem
328 3228 434 3291 ‘passm'
467 3226 569 3284 Ovidius,
585 3226 642 3272 Fast.
652 3226 670 3271 i.
691 3225 744 3287 546.

329 3346 655 3364 ..............
671 3325 779 3373 vagantur
869 3369 871 3373 ,

329 3404 468 3454 lncustoditae
479 3404 552 3451 ‘lata’
564 3418 602 3465 per
612 3417 665 3451 arva
675 3404 778 3451 ‘horest'
