2250 4050
169 458 210 518 66
404 455 739 529 GEORGICON,
867 463 956 519 nlll.

170 615 344 692 velleraque
357 620 391 671 ut
403 613 480 672 foliis
493 613 645 692 depestant
658 613 760 672 tenuia
773 615 870 673 Seres?

170 720 234 778 Aut
247 737 327 796 quos,
347 718 465 776 Oceano
477 716 604 794 propior,
622 717 699 793 gerit
711 718 798 776 India
811 719 906 777 lucos?

171 817 302 882 Exhemi
315 822 391 889 finus
403 821 494 892 orbis,
515 821 567 879 ubi
580 822 645 878 adra
653 821 777 881 vincere
791 821 929 880 summum

171 927 292 986 Arboris
306 925 385 984 haud
398 926 465 983 ullae
475 923 553 1002 jastu
566 934 686 1001 potuere
699 925 828 1009 sagittas:
911 975 914 981 .

170 1031 210 1090 Et
222 1049 294 1108 gens
306 1029 355 1087 illa
368 1029 487 1105 quidem
502 1028 601 1086 sumtis
614 1047 672 1086 non
687 1031 769 1087 tarda
781 1029 929 1107 pharetris,

171 1132 272 1194 Media
286 1133 343 1192 sert
357 1133 447 1190 tristes
460 1132 557 1190 succos
571 1133 743 1208 tardumque
756 1133 887 1210 saporem

171 1237 275 1297 Felicis
289 1236 374 1310 mali,
395 1256 453 1313 quo
466 1255 525 1294 non
537 1235 705 1312 praesentius
716 1237 825 1306 ullum,

172 1339 277 1400 Pocula
290 1341 312 1397 fi
325 1341 440 1416 quando
453 1338 533 1397 saevae
545 1338 673 1397 infecere
685 1358 827 1410 novercae,

172 1445 411 1521 Miscueruntque
425 1444 526 1503 herbas
538 1452 569 1501 et
581 1462 640 1501 non
651 1444 772 1502 innoxia
785 1447 886 1515 verba,

171 1548 327 1608 Auxilium
341 1548 431 1616 venit,
451 1567 484 1605 ac
496 1546 633 1606 membris
646 1547 709 1625 agit
721 1558 783 1605 atra
797 1567 918 1607 venena.

172 1653 236 1731 Ipsa
248 1651 352 1729 ingens
365 1654 455 1722 arbos,
476 1650 640 1728 faciemque
651 1651 796 1710 srmillima
806 1652 903 1724 laur03

172 1758 219 1827 Et,
241 1757 332 1813 sinon
346 1755 436 1814 alium
450 1754 509 1813 late
518 1753 638 1831 jadaret
651 1757 778 1821 odorem,
810 1739 816 1747 ’

172 1861 283 1919 Laurus
295 1869 370 1918 erat:
393 1859 463 1917 solia
476 1859 554 1918 haud
566 1859 633 1916 ullis
645 1858 773 1917 labentia
785 1858 896 1930 ventis3

172 1963 237 2022 Flos
251 1964 286 2022 ad
299 1963 392 2040 prima
407 1973 509 2021 tenax:
530 1963 640 2020 animas
653 1971 683 2020 et
695 1962 803 2020 olentia
816 1961 901 2020 Medi

173 2068 233 2127 Ora
246 2068 346 2125 fovent
358 2066 420 2138 illo,
440 2078 470 2125 et
483 2067 598 2126 senibus
611 2067 792 2127 medicantur
805 2066 925 2125 anhelis.

213 2171 267 2229 Sed
281 2189 376 2246 neque
388 2171 553 2241 Medorum,
573 2170 650 2228 sslvae
661 2169 805 2238 ditissima,
827 2179 911 2239 terra,

173 2276 239 2334 Nec
249 2272 370 2351 pulcher
380 2275 504 2351 Ganges,
518 2285 605 2350 atque
615 2292 685 2331 auro
696 2272 828 2331 turbidus
838 2275 973 2330 Hermus

173 2378 321 2437 Laudibus
335 2377 426 2435 Italiae
441 2387 568 2449 certent,
590 2396 649 2434 non
662 2378 774 2446 Badra,
791 2395 886 2453 neque
899 2368 973 2434 Indi

172 2484 304 2557 Totaque
318 2480 444 2539 turiferis
457 2480 600 2539 Panchaia
613 2479 730 2557 pinguis
743 2480 848 2538 arenis.

173 2586 246 2645 Haec
260 2585 322 2642 loca
335 2603 395 2641 non
409 2583 493 2653 tauri,
513 2583 651 2660 spirantes
664 2583 781 2641 naribus
793 2584 905 2660 ignem,

172 2690 330 2755 Invertere,
350 2686 417 2745 satis
429 2688 554 2745 inmanis
567 2688 702 2745 dentibus
714 2687 816 2763 hydri,

173 2794 239 2851 Nec
252 2790 341 2869 galeis
354 2792 503 2866 densisque
516 2790 611 2849 viriam
625 2790 704 2867 seges
716 2791 829 2849 horruit
841 2791 938 2850 hastis:

173 2896 228 2954 Sed
242 2894 368 2972 gravidae
380 2894 479 2971 fruges
491 2904 521 2952 et
533 2894 641 2952 Bacchi
654 2894 790 2953 Massicus
802 2896 908 2956 humor

173 3000 337 3075 Inplevere;
361 3007 461 3057 tenent
471 2998 550 3068 oleae,
565 3008 750 3074 armentaque
762 2997 831 3057 lata.

173 3102 254 3159 Hinc
267 3101 389 3159 bellator
401 3120 491 3177 equus
503 3120 607 3179 campo
618 3101 677 3159 sese
688 3103 794 3161 arduus
805 3102 908 3174 insert,

173 3203 253 3263 Hinc
267 3203 335 3272 albi,
356 3205 514 3275 Clitumne‚
535 3224 646 3282 greges,
665 3214 695 3263 et
708 3218 845 3265 marinna
859 3217 955 3265 tatum

173 3308 309 3377 Vislima,
330 3307 402 3385 saepe
416 3317 467 3366 tuo
478 3309 585 3385 persufi
597 3308 718 3367 flumine
731 3310 819 3381 sacro,

173 3412 317 3475 llomanos
330 3412 367 3474 ad
380 3412 487 3493 templa
501 3413 590 3475 delun
601 3414 710 3497 duxere
722 3413 893 3493 triumphos.
