2250 4050
174 445 231 523 ιρὰ
430 437 716 516 AENEIDOS,
862 445 951 503 voti·

170 602 296 667 Consilia
308 602 341 661 in
353 602 457 663 melius
468 603 584 674 referet,
605 615 781 678 mecumque
793 599 899 660 fovebit

170 709 325 777 Romanos,
344 725 441 766 rerum
453 708 596 775 dominos,
615 716 792 784 gentemque
805 715 927 783 togatam.

170 812 217 870 Sic
229 811 381 888 placitum.
420 811 527 871 Veniet
538 811 633 869 lustris
644 811 810 870 labentibus
820 820 891 877 aetas,

172 918 276 978 Quum
289 918 391 974 domus
403 914 531 974 Assaraci
545 914 691 986 Phthiam,
711 915 858 992 clarasque
871 913 956 989 Myce·-

250 1040 313 1090 nas,

172 1125 295 1185 Servitio
307 1136 427 1203 premet,
447 1142 481 1185 ac
492 1123 575 1184 vitiis
586 1124 787 1184 dominabitur
798 1124 892 1202 Argis.

171 1230 318 1292 Nascetur
329 1229 449 1307 pulchri
462 1228 604 1307 Troianus
617 1230 731 1306 origine
741 1229 846 1300 Caesar,

172 1335 330 1411 Imperium
343 1333 470 1405 Oceano,
490 1334 600 1393 famam
613 1334 664 1409 qui
677 1333 816 1393 terminet
827 1331 905 1399 auru,

171 1436 276 1514 Julius,
296 1455 313 1494 a
326 1455 433 1514 magno
444 1436 597 1494 demissum
610 1454 715 1494 nomen
731 1437 810 1494 Iulo:

172 1540 263 1600 Hunc
276 1550 309 1600 tu
322 1540 393 1598 olim
405 1540 487 1611 coelo,
508 1539 606 1617 spoliis
617 1540 736 1599 orientis
749 1542 888 1610 onustum,

99 1697 103 1705 .
172 1645 311 1723 Adcipies
322 1645 434 1703 secura:
455 1645 607 1704 vocabitur
624 1644 673 1703 hic
685 1664 803 1722 quoque
814 1643 893 1705 rotie

173 1749 284 1826 Aspera
298 1762 362 1808 tum
372 1749 468 1825 positis
480 1748 633 1808 mitescent
644 1749 747 1808 saecula
760 1749 857 1807 belliot
949 1756 951 1761 '

174 1854 255 1913 Cana
269 1852 361 1924 Fides,
381 1865 412 1911 et
423 1853 518 1923 Vesta,
538 1854 631 1913 Remo
644 1853 815 1912 cumfratre
827 1847 953 1913 Quirinus

175 1961 246 2038 Jura
258 1959 383 2016 dabunt:
405 1956 475 2015 ‹lirae
488 1956 566 2015 serro
577 1966 609 2016 et
621 1957 799 2035 conpagibus
810 1957 886 2025 artis,

177 2063 358 2121 claudentur
369 2061 444 2121 Belli
455 2070 559 2139 portae:
582 2062 673 2122 Furor
685 2063 783 2139 inpius
794 2062 878 2130 intus,

176 2167 254 2225 Saeva
267 2166 366 2225 sedens
377 2166 463 2243 super
475 2185 565 2238 arma,
577 2175 608 2224 et
620 2176 740 2225 centum
753 2166 867 2227 vintrus
877 2156 938 2222 atini!

175 2270 238 2329 Post
250 2280 365 2347 tergum
377 2270 470 2339 nodis,
488 2270 595 2330 fremet
606 2270 740 2329 horridus
750 2289 799 2330 ore
810 2275 924 2329 cruento·

215 2374 289 2433 Haee
301 2373 360 2434 ait:
382 2384 413 2433 et
425 2374 507 2433 Maio
520 2374 653 2451 genitum
664 2373 796 2433 demittit
808 2375 845 2432 ab
857 2372 920 2439 citos

175 2478 220 2535 Ut
234 2487 325 2549 terrae,
345 2487 436 2555 utque
449 2497 531 2536 novae
543 2486 661 2556 pateant
674 2477 861 2557 Carthaginis
870 2487 931 2535 rm

175 2581 310 2658 Hospitio
322 2581 455 2641 Teucrion
480 2599 518 2639 ne
531 2580 587 2639 sati
599 2579 692 2639 nescia
705 2580 785 2640 Dido

176 2685 294 2743 Finibus
306 2694 424 2742 arceret.
454 2685 545 2748 Volat
555 2685 606 2743 ille
619 2703 670 2762 per
681 2686 748 2743 aira
761 2700 893 2763 magnum

176 2789 312 2866 Remigio
325 2788 448 2848 alarumt
470 2808 504 2847 ac
514 2789 615 2866 Libyae
627 2788 703 2847 citus
715 2788 825 2847 adstitit
836 2787 893 2846 oris.

175 2894 215 2951 Et
223 2892 286 2969 jam
294 2890 367 2968 jussa
379 2891 466 2949 facit:
489 2901 659 2969 ponuntque
672 2891 779 2951 ferocia
792 2890 871 2951 Poeui

176 2996 281 3067 Corda,
301 2994 416 3053 volente
429 2994 502 3054 Deo.
543 2996 579 3053 ln
592 2993 695 3070 primis
708 2995 810 3072 regina
822 2992 932 3071 quietum

175 3098 297 3175 Adcipit
315 3096 348 3162 in
360 3097 486 3156 Teucros
505 3096 648 3167 animum,
671 3107 856 3174 mentemque
873 3086 946 3162 belis·

293 3217 371 3257 nam.

215 3304 259 3361 At
271 3301 337 3381 pius
349 3302 468 3372 AEueas,
486 3319 538 3379 per
550 3302 664 3360 notiern
676 3302 923 3388 plurimayolvent

91 3410 94 3417 '
171 3403 905 3492 Utprimumluxalmauaueu,eiue,loomque
941 3415 946 3428 ·
