2250 4050
452 436 498 484 IN
530 436 778 486 VIRGILIUM

217 578 323 627 Alcimus
337 577 431 636 Avitus,
448 579 480 626 vi.
494 578 554 639 298.

346 667 470 717 Tneuuros
478 669 589 729 geminate
599 685 661 716 mene
670 669 754 732 usuque
762 671 838 732 polite,

347 757 425 804 Livida
435 771 463 802 ne
474 755 538 804 facies
547 754 608 820 pulli
620 757 736 817 ‘rubigine
744 758 847 819 tiogmt'

218 845 361 904 Claudianus,
376 845 403 892 de
412 847 478 894 Mall.
487 862 547 893 conr.
556 863 580 893 v.
598 860 626 905 17
630 860 654 907 ς.

347 967 452 983 .....
469 941 478 968 ‘
484 935 606 984 infeelum'
616 937 676 997 longi
686 940 695 968 ‘
701 935 815 998 rubigine’
825 938 894 987 ruris:

218 1035 241 1075 et
250 1024 327 1073 dodim
337 1026 392 1073 rodit
402 1026 428 1072 de
440 1025 491 1072 Stil.
502 1027 561 1073 laud.
580 1028 603 1074 ii.
623 1040 676 1088 194.

350 1147 452 1163 .....
467 1115 556 1176 ‘nigras
567 1116 674 1176 rubigine’
687 1115 761 1165 falces.

218 1202 302 1251 Confer
313 1204 407 1252 Ausonii
415 1206 472 1267 epig.
483 1207 536 1253 xvii.
552 1219 578 1266 4.
609 1207 749 1264 Prudentius,
767 1208 872 1255 Cathern.
882 1208 911 1255 ix.
928 1221 964 1275 79.

346 1272 894 1358 sormunt,et,1ugunr‘s0nuusnmigrm‚‘
944 1279 968 1348 {²¹

347 1387 439 1446 lgneum
450 1386 538 1448 reliquit
547 1401 621 1433 axem.

218 1476 400 1544 Qae'sequuntur
409 1472 478 1523 etiim
488 1477 544 1532 loeo,
554 1477 612 1522 inter
618 1476 638 1522 se
644 1477 772 1539 comperite,
781 1487 882 1524 mentem
891 1493 963 1525 meent
970 1476 1008 1539 ple·

217 1565 382 1628 nidsaperient,
398 1575 420 1612 et
433 1565 522 1612 ledlioni
537 1566 650 1630 propolim
666 1567 782 1613 effundent
798 1567 882 1614 lucem.
913 1565 1010 1626 Virgilius

217 1656 289 1703 noster
298 1656 338 1703 ecl.
352 1656 375 1702 ii.
391 1669 431 1716 47.

346 1747 469 1793 ‘Pallentes
476 1745 555 1792 violas’
567 1755 589 1791 et
599 1747 687 1793 summa
696 1760 801 1810 papavera
810 1761 908 1808 mrpens.

218 1837 332 1894 Horatius,
346 1836 384 1882 od·
396 1837 430 1883 iii.
450 1850 489 1884 ιο.
501 1847 525 1894 4.

345 1927 396 1972 Nec
406 1929 414 1956 ‘
420 1925 503 1972 tinctus
513 1922 571 1972 violi
581 1926 664 1990 pallor'
675 1925 814 1973 amentium:

216 2028 239 2064 et
249 2015 392 2074 Claudianus,
408 2024 465 2077 rapt.
478 1999 539 2062 Pros,
550 2014 574 2062 ii.
591 2029 630 2078 93.

335 2107 339 2114 ’
344 2138 450 2153 .....
466 2106 525 2153 dulci
539 2106 623 2153 ‘violas
632 2104 754 2165 fermgine'
764 2105 850 2169 pingit:

216 2197 255 2244 ubi
264 2197 331 2244 codex
341 2196 405 2243 habet
418 2200 425 2223 ‘
433 2194 516 2256 tingit!
549 2196 628 2257 Neque
637 2195 694 2241 alius
702 2211 786 2253 naerus,
802 2205 828 2242 ut
840 2196 862 2243 id
872 2192 942 2244 obiter
950 2194 1011 2243 attin·

216 2302 277 2347 gam,
293 2285 400 2333 deformat
420 2285 535 2333 Sidonium
552 2285 717 2348 Apollinarem,
732 2300 803 2333 carm.
818 2286 885 2333 xxiii.
903 2302 949 2333 ver.
960 2283 1010 2335 206·

216 2373 246 2423 iti
258 2375 421 2437 relingendurn:

343 2468 373 2513 Et
383 2477 404 2513 te
414 2466 440 2512 de
449 2468 555 2527 genetrice
564 2465 687 2527 rugientem

345 2559 354 2586 ‘
360 2556 573 2603 Tinxerunt’.vitrei
583 2555 638 2601 vado
648 2554 803 2617 Hippocrenie.
898 2574 900 2579 ¹

215 2645 354 2703 Prudentius,
369 2656 430 2693 cont.
444 2646 506 2709 Sym.
520 2646 543 2693 ii.
560 2647 618 2707 978.

342 2736 524 2799 Ambustumque
532 2746 598 2798 caput
607 2734 678 2781 culmi
689 2738 697 2766 ‘
703 2734 795 2795 fuligine
805 2732 889 2795 tingit!

215 2826 256 2880 Sed
267 2825 335 2873 lentio
345 2841 383 2872 me
396 2824 481 2886 longius
490 2826 584 2886 evagari,
599 2823 668 2888 quim
679 2822 784 2887 petientdr
800 2823 871 2872 ferent
883 2825 955 2888 operis
970 2826 1010 2871 liu·

211 2914 273 2976 jusce
288 2916 392 2963 rationes:
410 2916 482 2962 videos
496 2913 573 2963 tamin
588 2916 750 2962 Marklandurn
764 2915 792 2961 ad
808 2914 875 2961 Statii
889 2916 945 2962 Silv.
960 2917 975 2962 i.
992 2927 1010 2975 1.

217 3018 271 3066 103.
290 3015 312 3052 et
321 3006 386 3052 libros
395 3006 418 3052 in
427 3006 460 3053 his
467 3006 555 3053 vocibus
565 3005 676 3053 turbantes
685 3005 711 3052 ad
719 3004 808 3052 Lucret.
819 3004 844 3051 ii.
857 3017 913 3067 500.
929 3016 954 3052 ut
963 3003 1010 3052 alibi

213 3091 275 3156 saepd.

242 3184 299 3230 Ver.
308 3196 340 3243 47
344 3197 365 3245 ς.
391 3185 455 3231 Hanc
472 3183 598 3241 lediionem,
614 3179 678 3242 longi
693 3179 801 3244 longique
818 3182 929 3244 poitierm
946 3182 1008 3243 nugis

209 3280 274 3333 atque
283 3272 413 3331 elegantem,
429 3270 489 3333 prius
498 3287 558 3318 eram
569 3272 656 3331 ingenio
663 3270 776 3329 allocutus,
793 3267 862 3333 quim
874 3271 1008 3332 cognoverim

209 3374 255 3407 non
265 3360 325 3408 aliud
335 3360 421 3407 suadere
431 3361 503 3422 plures
512 3361 601 3409 codices.
635 3356 671 3407 Iti
680 3360 761 3419 noster,
777 3359 838 3409 AEn.
848 3361 882 3409 lii.
893 3360 917 3410 6.
